X,date,unemployment,temperature,facebook_newsfeed_spend,facebook_newsfeed_impressions,youtube_brand_spend,youtube_brand_impressions,search_spend,search_clicks,youtube_performance_spend,youtube_performance_impressions,newspaper_spend,newspaper_readership,tv_spend,tv_gross_rating_points,data_week,inflation_rate,retail_trade,gdp,income,month,quarter,week,sales
1,7/1/19,3.7,66.23203199,10955.74657,11352112,24992.27525,14428173,21080.51465,9380,29223.10188,6838661,12178.57257,747190,21990.20736,1370779,2019_27,1.69,453667,21531.839,14871.8,2019.5,2019.5,27,1101354.886
2,7/2/19,3.7,67.87694623,10837.91813,11784249,27312.72509,12907289,19896.00107,8803,27183.06947,6680114,12076.1543,840911,18402.6368,1127588,2019_27,1.65,453667,21531.839,14871.8,2019.5,2019.5,27,1084979.778
3,7/3/19,3.7,74.54216927,11198.04499,10989205,25219.41268,11895368,24844.98278,11619,24559.17209,6010005,11851.026,1141541,21716.0026,1095842,2019_27,1.65,453667,21531.839,14871.8,2019.5,2019.5,27,1088240.596
4,7/4/19,3.7,66.68590574,10832.99767,11956619,25182.95761,11617086,26477.71989,12617,26708.2309,6442621,11849.61347,1015797,18683.23781,1247539,2019_27,1.65,453667,21531.839,14871.8,2019.5,2019.5,27,1083313.955
5,7/5/19,3.7,53.42735332,10012.57963,8949200,25784.00721,12394510,21660.48024,9334,24525.5894,6011511,12349.15927,850827,15713.6951,1351751,2019_27,1.69,453667,21531.839,14871.8,2019.5,2019.5,27,1075850.403
6,7/6/19,3.7,56.88059927,11336.32883,11854052,22907.44883,10690771,26932.0788,12914,25746.02682,6333575,11902.95465,1278246,19374.34517,1041130,2019_27,1.69,453667,21531.839,14871.8,2019.5,2019.5,27,1072044.295
7,7/7/19,3.7,47.95868779,11540.7345,12319159,25779.97447,11578744,23750.51927,11408,31713.44471,8004013,11960.6591,918094,20312.4389,1096396,2019_27,1.69,453667,21531.839,14871.8,2019.5,2019.5,27,1102032.765
8,7/8/19,3.7,47.46800968,11489.07992,10770222,25794.56121,13393099,20400.86611,9370,26401.6398,6373164,12107.62508,1882464,23506.10456,1495044,2019_28,1.7,453667,21531.839,14871.8,2019.5,2019.5,28,1105857.711
9,7/9/19,3.7,61.07130735,11607.93665,10685785,26610.82511,14112955,26595.40323,10710,23442.24206,5720689,12071.86305,1077652,18797.64777,1074347,2019_28,1.71,453667,21531.839,14871.8,2019.5,2019.5,28,1087926.488
10,7/10/19,3.7,52.35186759,11113.10338,9762270,22211.5334,9596601,21323.13891,9553,28272.0472,6983166,11805.67588,959322,18619.77064,1096870,2019_28,1.74,453667,21531.839,14871.8,2019.5,2019.5,28,1067222.466
11,7/11/19,3.7,54.1293815,10379.41071,8802984,28876.96128,12335671,20293.00253,9138,29847.69374,7396029,12297.7001,957226,19125.87252,1088633,2019_28,1.77,453667,21531.839,14871.8,2019.5,2019.5,28,1075778.667
12,7/12/19,3.7,68.37724862,10811.48072,10924145,21576.37405,11266237,22441.93372,9223,28741.26218,6958704,11805.56151,1076239,21680.83421,1773799,2019_28,1.77,453667,21531.839,14871.8,2019.5,2019.5,28,1078538.693
13,7/13/19,3.7,52.74890164,11233.94679,11150110,25133.43318,11980637,21497.15921,9274,25154.16225,6073336,12448.35345,934310,21158.33052,1427443,2019_28,1.77,453667,21531.839,14871.8,2019.5,2019.5,28,1059966.356
14,7/14/19,3.7,48.47226488,10592.30774,9729761,23366.56987,10795360,20712.65582,9335,25263.57644,6253591,11943.19348,1003397,19851.69515,1522249,2019_28,1.77,453667,21531.839,14871.8,2019.5,2019.5,28,1064890.189
15,7/15/19,3.7,61.6161902,10972.57533,10610154,25640.39354,13577139,21819.05035,9230,0,0,12128.0358,1059799,20201.86819,1273262,2019_29,1.77,453667,21531.839,14871.8,2019.5,2019.5,29,1070256.565
16,7/16/19,3.7,42.92238829,10743.01387,9120286,27021.4095,12898636,21793.33936,10212,0,0,12007.06611,929041,21124.37218,1477223,2019_29,1.8,453667,21531.839,14871.8,2019.5,2019.5,29,1064063.555
17,7/17/19,3.7,62.35227019,11310.22168,10489616,20673.79541,9263412,24678.07915,11043,0,0,12124.32162,1011502,19715.76631,1382213,2019_29,1.75,453667,21531.839,14871.8,2019.5,2019.5,29,1075428.027
18,7/18/19,3.7,65.93079152,11020.386,9252827,23699.40191,11157220,22455.79069,10048,0,0,12537.7215,994517,19902.16085,1112670,2019_29,1.79,453667,21531.839,14871.8,2019.5,2019.5,29,1092116.792
19,7/19/19,3.7,58.71699744,10968.20353,9942029,20724.26802,8969474,22782.76574,9995,0,0,12198.02953,832045,22028.31252,1336432,2019_29,1.8,453667,21531.839,14871.8,2019.5,2019.5,29,1044753.023
20,7/20/19,3.7,53.98574323,11687.14372,9098161,25793.36149,12425004,20864.90134,9749,0,0,12344.40214,1032382,19723.56409,1472739,2019_29,1.8,453667,21531.839,14871.8,2019.5,2019.5,29,1067367.307
21,7/21/19,3.7,66.95071435,11195.93173,8796525,25841.65978,12600197,21331.37145,9356,0,0,12892.0252,1276199,19477.01292,1642159,2019_29,1.8,453667,21531.839,14871.8,2019.5,2019.5,29,1106115.854
22,7/22/19,3.7,55.87286665,10815.27666,9901274,26854.55227,13854139,24316.16643,10422,0,0,12207.85,1010797,19677.92328,1063931,2019_30,1.79,453667,21531.839,14871.8,2019.5,2019.5,30,1077916.786
23,7/23/19,3.7,70.13262499,11063.98122,10159607,24201.44342,11307026,25322.14364,11709,0,0,11251.2102,816714,21199.30286,1282492,2019_30,1.81,453667,21531.839,14871.8,2019.5,2019.5,30,1080068.554
24,7/24/19,3.7,52.73175359,11412.25322,10073735,28677.11958,12789901,23354.83254,10605,0,0,11615.49707,767039,17136.79288,871709,2019_30,1.79,453667,21531.839,14871.8,2019.5,2019.5,30,1090725.535
25,7/25/19,3.7,73.1162559,11452.01309,12089466,27461.7049,13354570,21493.40936,10064,0,0,11819.0174,1053802,21392.91736,1234130,2019_30,1.8,453667,21531.839,14871.8,2019.5,2019.5,30,1072372.011
26,7/26/19,3.7,65.73210616,11178.45594,9522367,25719.27724,13314951,22486.45085,9413,0,0,11860.24118,1242343,20964.83081,1250929,2019_30,1.78,453667,21531.839,14871.8,2019.5,2019.5,30,1097755.741
27,7/27/19,3.7,76.51065555,11049.42022,9992278,25127.4438,13078015,25644.58288,12112,0,0,12658.80262,920068,21247.54759,1116713,2019_30,1.78,453667,21531.839,14871.8,2019.5,2019.5,30,1072705.291
28,7/28/19,3.7,75.61234821,11407.13558,10465447,24725.23212,11796382,22346.30499,9717,0,0,11650.06298,865774,19752.78294,1302535,2019_30,1.78,453667,21531.839,14871.8,2019.5,2019.5,30,1089039.947
29,7/29/19,3.7,80.78953716,11015.94837,9164425,24428.09981,11954258,21185.61837,9539,25384.77341,6400368,0,0,21165.96282,1383974,2019_31,1.77,453667,21531.839,14871.8,2019.5,2019.5,31,1069138.354
30,7/30/19,3.7,64.42727242,11343.32308,11698317,27505.43345,10990532,21720.71634,9382,26696.09893,6375838,0,0,21548.21734,1304993,2019_31,1.78,453667,21531.839,14871.8,2019.5,2019.5,31,1052600.986
31,7/31/19,3.7,70.14440912,11322.58936,10204557,26340.4104,13149923,21158.02055,9179,25190.6841,6050946,0,0,19252.4886,1256459,2019_31,1.76,453667,21531.839,14871.8,2019.5,2019.5,31,1087210.089
32,8/1/19,3.7,66.23298223,10729.21455,8827697,23451.54553,10977756,22341.90381,10366,24691.1196,6061184,0,0,18305.48847,1330387,2019_31,1.7,455967,21531.839,14960.3,2019.583333,2019.5,31,1069140.534
33,8/2/19,3.7,68.70940066,10450.90693,9039059,22713.78951,11405212,25866.62702,11359,32061.05913,7990743,0,0,23123.99078,1391711,2019_31,1.66,455967,21531.839,14960.3,2019.583333,2019.5,31,1068460.802
34,8/3/19,3.7,84.39880804,11269.46362,10905930,22717.42808,10627248,21583.21187,10053,32273.15658,7956547,0,0,18983.86286,1218673,2019_31,1.66,455967,21531.839,14960.3,2019.583333,2019.5,31,1081142.047
35,8/4/19,3.7,63.92059914,11387.76008,9293025,22426.60452,10742192,24043.11977,10559,29424.53422,7269938,0,0,17169.15162,771445,2019_31,1.66,455967,21531.839,14960.3,2019.583333,2019.5,31,1077842.278
36,8/5/19,3.7,72.6055131,10842.75048,10756083,17593.52831,8318809,21381.89795,10024,25551.53501,6114165,0,0,19513.08811,1409986,2019_32,1.6,455967,21531.839,14960.3,2019.583333,2019.5,32,1079798.502
37,8/6/19,3.7,73.07407185,10920.13387,8000443,24532.01501,12052149,21509.56231,9757,34772.00455,8501801,0,0,20756.59549,1288094,2019_32,1.62,455967,21531.839,14960.3,2019.583333,2019.5,32,1065040.473
38,8/7/19,3.7,74.14567522,11178.7107,11392132,23644.9688,10168366,20460.21973,8865,33491.53804,8358393,0,0,14642.99116,764252,2019_32,1.62,455967,21531.839,14960.3,2019.583333,2019.5,32,1059838.484
39,8/8/19,3.7,66.95597416,11274.04033,9076856,23975.48996,10671989,20616.80884,8462,29527.20153,6997796,0,0,20012.12831,1276465,2019_32,1.65,455967,21531.839,14960.3,2019.583333,2019.5,32,1071331.741
40,8/9/19,3.7,69.37045797,11360.22146,9587613,27949.50727,13043635,23078.47073,10016,30902.40233,7841917,0,0,20896.28621,1135969,2019_32,1.66,455967,21531.839,14960.3,2019.583333,2019.5,32,1095570.633
41,8/10/19,3.7,80.18279832,11188.90442,9574001,27528.64376,15141967,25172.64029,11471,30297.87458,7311479,0,0,18912.81414,1148911,2019_32,1.66,455967,21531.839,14960.3,2019.583333,2019.5,32,1080623.183
42,8/11/19,3.7,84.2088087,11133.0616,11802656,24113.86164,11871205,23352.7816,11485,25768.8105,6323127,0,0,22053.04088,1400371,2019_32,1.66,455967,21531.839,14960.3,2019.583333,2019.5,32,1075671.509
43,8/12/19,3.7,72.659932,11381.41851,11485803,23951.47857,10796438,21804.57457,10486,0,0,12088.88959,1138319,19359.1233,1348846,2019_33,1.61,455967,21531.839,14960.3,2019.583333,2019.5,33,1046107.397
44,8/13/19,3.7,64.72692009,11299.96767,11241836,23886.97776,10664443,26229.66675,11685,0,0,12231.58133,1584828,20510.84139,1093670,2019_33,1.63,455967,21531.839,14960.3,2019.583333,2019.5,33,1087864.646
45,8/14/19,3.7,67.58444167,11121.34189,9623773,21023.99967,10212062,21123.98841,9557,0,0,11983.40301,1581615,19275.55137,1128420,2019_33,1.57,455967,21531.839,14960.3,2019.583333,2019.5,33,1076773.569
46,8/15/19,3.7,81.11190379,11088.694,10094747,24757.12226,11389602,23038.57472,9710,0,0,11677.75437,1199721,19585.14024,1273686,2019_33,1.54,455967,21531.839,14960.3,2019.583333,2019.5,33,1095837.283
47,8/16/19,3.7,62.30319692,11558.32563,10346395,24829.75844,11315923,23312.2696,10403,0,0,12022.77387,831015,21494.23075,1294756,2019_33,1.54,455967,21531.839,14960.3,2019.583333,2019.5,33,1061991.746
48,8/17/19,3.7,78.7874431,12167.85532,10284615,24895.78334,11282691,25493.37285,11849,0,0,11873.48208,833779,16920.19935,1083771,2019_33,1.54,455967,21531.839,14960.3,2019.583333,2019.5,33,1077977.326
49,8/18/19,3.7,70.25211689,11042.83726,9919505,24706.0165,11406401,23307.78039,10712,0,0,11825.58612,1086020,17565.99076,1242415,2019_33,1.54,455967,21531.839,14960.3,2019.583333,2019.5,33,1075258.71
50,8/19/19,3.7,63.38386341,10973.32885,9191065,24533.08067,10501979,20500.45322,8935,0,0,11788.98898,992258,21839.14246,1252242,2019_34,1.56,455967,21531.839,14960.3,2019.583333,2019.5,34,1073370.89
51,8/20/19,3.7,60.94133206,10542.75053,9183428,25659.70341,12407731,21076.82921,9218,0,0,12182.1647,907386,20152.67242,1217941,2019_34,1.53,455967,21531.839,14960.3,2019.583333,2019.5,34,1057620.855
52,8/21/19,3.7,74.48499809,10764.25718,9295232,26562.86011,12597630,21074.48679,9118,0,0,12034.24484,1089385,24494.50391,1006000,2019_34,1.54,455967,21531.839,14960.3,2019.583333,2019.5,34,1072291.461
53,8/22/19,3.7,53.73955249,11191.41059,8957920,29536.42324,14031671,22576.01633,10125,0,0,11735.181,935783,18572.40484,1021949,2019_34,1.55,455967,21531.839,14960.3,2019.583333,2019.5,34,1096636.498
54,8/23/19,3.7,73.10639685,10783.98269,10349426,27661.59489,12038772,24013.10711,10617,0,0,12314.65399,881843,20067.4836,1447036,2019_34,1.54,455967,21531.839,14960.3,2019.583333,2019.5,34,1081904.042
55,8/24/19,3.7,50.70483305,11999.39434,11721255,23601.81066,10116007,26460.64814,11905,0,0,12301.75261,1061687,20949.70989,1574893,2019_34,1.54,455967,21531.839,14960.3,2019.583333,2019.5,34,1061088.804
56,8/25/19,3.7,67.47496351,10801.30916,10833319,26404.35682,14018764,25000.20721,11033,0,0,11989.27841,957837,20679.96925,1542844,2019_34,1.54,455967,21531.839,14960.3,2019.583333,2019.5,34,1103291.163
57,8/26/19,3.7,70.55742144,10826.9558,10940643,23344.93049,12358956,18317.95843,7482,18668.71414,4420339,11798.33975,1094832,16527.63453,1534822,2019_35,1.54,455967,21531.839,14960.3,2019.583333,2019.5,35,1092024.358
58,8/27/19,3.7,72.79503845,10889.39688,9531662,26571.66632,12015639,21869.3398,9694,25333.12911,6157304,12343.59117,1030690,23097.67315,1408580,2019_35,1.55,455967,21531.839,14960.3,2019.583333,2019.5,35,1083769.912
59,8/28/19,3.7,51.51444107,10658.233,9871565,22834.45966,11665355,26726.73386,12499,21722.37136,5256943,12119.1501,1299089,24355.10511,1764239,2019_35,1.55,455967,21531.839,14960.3,2019.583333,2019.5,35,1086308.392
60,8/29/19,3.7,44.4871946,11593.98012,11328754,21480.36133,11783436,27324.72634,11834,26399.76953,6434258,11406.21665,1226684,21281.13764,1491101,2019_35,1.59,455967,21531.839,14960.3,2019.583333,2019.5,35,1059217.735
61,8/30/19,3.7,49.40625691,10361.08052,9555959,24661.03715,10504389,25351.91276,12098,27970.60756,6750455,11967.42469,837559,16279.64752,1038301,2019_35,1.55,455967,21531.839,14960.3,2019.583333,2019.5,35,1066912.99
62,8/31/19,3.7,46.08008638,11223.69456,11205827,24601.99854,11628200,24238.15416,11264,32139.90286,7828613,11948.2547,1038016,19426.14656,1067527,2019_35,1.55,455967,21531.839,14960.3,2019.583333,2019.5,35,1065054.505
63,9/1/19,3.5,53.08659348,11530.8977,10124109,22629.68038,10060799,23016.92643,9890,36406.53786,8828351,11920.82636,1045019,18902.20026,1212795,2019_35,1.55,452048,21531.839,15000.7,2019.666667,2019.5,35,1064826.622
64,9/2/19,3.5,44.43896631,10419.8579,9235082,25667.25764,13095641,23785.11611,11081,29717.98293,7181051,12246.80755,1058055,20129.00368,1006457,2019_36,1.55,452048,21531.839,15000.7,2019.666667,2019.5,36,1080350.105
65,9/3/19,3.5,49.91237246,11444.99482,10385822,26438.98518,11397026,23916.49346,10235,24699.11766,5893872,12005.32475,1634074,18708.86568,1000372,2019_36,1.5,452048,21531.839,15000.7,2019.666667,2019.5,36,1078197.216
66,9/4/19,3.5,57.93242808,10728.921,9353037,24321.04743,11232093,20560.7092,8655,28550.53282,6904118,12097.6813,1257053,18644.79252,1242786,2019_36,1.51,452048,21531.839,15000.7,2019.666667,2019.5,36,1073988.427
67,9/5/19,3.5,51.48002623,10753.90275,9905312,25427.70678,12362503,20755.80331,9742,34436.78583,8423185,12156.68831,960899,17231.57179,906076,2019_36,1.56,452048,21531.839,15000.7,2019.666667,2019.5,36,1097738.799
68,9/6/19,3.5,69.05243913,10904.25419,11167850,23687.79087,10974537,24986.66061,10994,20877.31985,5091143,12456.79903,1347005,20138.38891,1030006,2019_36,1.54,452048,21531.839,15000.7,2019.666667,2019.5,36,1067737.097
69,9/7/19,3.5,53.69037503,10486.39604,10652921,28396.81151,12262314,19333.50599,8419,25754.43385,6290862,11821.11685,821398,17186.42966,1146813,2019_36,1.54,452048,21531.839,15000.7,2019.666667,2019.5,36,1086133.747
70,9/8/19,3.5,70.4387161,10893.21627,9855851,22090.29043,10200516,23247.77026,11066,25847.02027,6279003,12013.62324,869404,18274.08389,1155276,2019_36,1.54,452048,21531.839,15000.7,2019.666667,2019.5,36,1084634.128
71,9/9/19,3.5,52.13720337,10794.566,9831096,24484.76816,11054310,24181.10899,11425,0,0,0,0,15002.40758,819629,2019_37,1.57,452048,21531.839,15000.7,2019.666667,2019.5,37,1066126.57
72,9/10/19,3.5,64.58106988,10804.77987,8437448,23083.73985,10100192,24609.52663,11139,0,0,0,0,17085.0205,759021,2019_37,1.6,452048,21531.839,15000.7,2019.666667,2019.5,37,1049163.963
73,9/11/19,3.5,50.11837876,11010.04219,10442191,24502.31912,10905641,23015.07683,10034,0,0,0,0,21900.0319,1235252,2019_37,1.6,452048,21531.839,15000.7,2019.666667,2019.5,37,1055949.857
74,9/12/19,3.5,69.9985806,11568.4355,11520896,23499.81365,10810031,19367.49443,7997,0,0,0,0,22744.12558,1776416,2019_37,1.63,452048,21531.839,15000.7,2019.666667,2019.5,37,1074429.35
75,9/13/19,3.5,69.76396363,11209.94123,11359256,26015.76774,12517189,22190.26404,11219,0,0,0,0,17265.08409,1001224,2019_37,1.67,452048,21531.839,15000.7,2019.666667,2019.5,37,1075757.168
76,9/14/19,3.5,61.9490031,11796.8836,11410025,23467.56955,10732383,24474.29991,10537,0,0,0,0,16606.98451,1232034,2019_37,1.67,452048,21531.839,15000.7,2019.666667,2019.5,37,1071277.716
77,9/15/19,3.5,63.53474308,10947.52475,9617389,23432.9648,11241356,23971.69114,11768,0,0,0,0,20012.10291,1055281,2019_37,1.67,452048,21531.839,15000.7,2019.666667,2019.5,37,1063636.021
78,9/16/19,3.5,71.00496306,10914.34029,7851947,22093.85424,9714469,24658.6262,11324,0,0,0,0,18734.24821,1053108,2019_38,1.67,452048,21531.839,15000.7,2019.666667,2019.5,38,1051271.79
79,9/17/19,3.5,55.24045499,11215.90877,8381538,26031.69465,13396645,22659.75636,10005,0,0,0,0,20959.3254,1522290,2019_38,1.66,452048,21531.839,15000.7,2019.666667,2019.5,38,1052534.876
80,9/18/19,3.5,72.45116146,10923.29881,10144314,21992.52933,11162478,25771.84293,11286,0,0,0,0,20264.82292,1494140,2019_38,1.59,452048,21531.839,15000.7,2019.666667,2019.5,38,1071902.835
81,9/19/19,3.5,77.61720757,10336.12677,9802450,28762.3108,14817613,24776.03804,10784,0,0,0,0,19611.35364,1229968,2019_38,1.61,452048,21531.839,15000.7,2019.666667,2019.5,38,1082447.473
82,9/20/19,3.5,62.85555915,10511.82345,10212674,25453.33373,14021775,23363.86656,10671,0,0,0,0,24632.10392,1758358,2019_38,1.61,452048,21531.839,15000.7,2019.666667,2019.5,38,1089361.035
83,9/21/19,3.5,58.78516348,11654.69499,10330933,25441.56572,12582920,21831.23604,10055,0,0,0,0,15807.95799,1014972,2019_38,1.61,452048,21531.839,15000.7,2019.666667,2019.5,38,1068190.18
84,9/22/19,3.5,69.36277855,11557.59186,12835621,24413.97466,11501434,26487.15515,11350,0,0,0,0,19020.25685,1121646,2019_38,1.61,452048,21531.839,15000.7,2019.666667,2019.5,38,1079179.783
85,9/23/19,3.5,69.08505933,11304.17404,10461161,30202.59507,15265575,20214.89081,8471,23734.91168,5809489,12219.24063,1037508,16603.00523,1041206,2019_39,1.61,452048,21531.839,15000.7,2019.666667,2019.5,39,1107143.418
86,9/24/19,3.5,72.69812229,11282.76327,10037537,25651.19276,12165889,25463.1123,12846,31971.97974,7946356,11954.45341,747319,19151.56077,902868,2019_39,1.58,452048,21531.839,15000.7,2019.666667,2019.5,39,1083789.026
87,9/25/19,3.5,71.66099706,10629.54407,10011188,25634.60535,13952133,24156.77398,10763,28298.70259,6775631,11940.87951,1187620,20197.09211,1116331,2019_39,1.6,452048,21531.839,15000.7,2019.666667,2019.5,39,1077026.486
88,9/26/19,3.5,87.04381326,11514.18499,12570887,20883.69796,10253086,23277.55221,11071,24335.87365,5873912,12024.47841,1045790,18994.12169,1204708,2019_39,1.57,452048,21531.839,15000.7,2019.666667,2019.5,39,1082696.249
89,9/27/19,3.5,66.56871821,11163.5548,10093590,22000.58537,10982576,25195.45075,11778,22306.70153,5423170,11751.49228,832038,19422.95845,1057978,2019_39,1.53,452048,21531.839,15000.7,2019.666667,2019.5,39,1088474.01
90,9/28/19,3.5,66.11666844,10554.97916,9812417,23758.10019,11088546,21853.77633,9411,28289.60402,6780860,12086.96494,769252,19493.92519,1003569,2019_39,1.53,452048,21531.839,15000.7,2019.666667,2019.5,39,1063837.916
91,9/29/19,3.5,79.16942305,10896.42409,10464766,25309.67168,11767682,24437.78607,11220,19025.80807,4667639,11766.33242,886888,0,0,2019_39,1.53,452048,21531.839,15000.7,2019.666667,2019.5,39,1060961.986
92,9/30/19,3.5,62.41653726,10637.79363,8904926,23054.05675,11000838,21071.59194,9436,21926.24756,5445870,12398.26071,908318,0,0,2019_40,1.53,452048,21531.839,15000.7,2019.666667,2019.5,40,1043632.095
93,10/1/19,3.6,63.57398744,10591.5431,8878124,23396.11362,11165704,17950.42887,8714,31177.47159,7514864,12376.11183,1097300,0,0,2019_40,1.52,453451,21706.532,15022.4,2019.75,2019.75,40,1064756.136
94,10/2/19,3.6,83.17791882,10586.58718,8190380,21865.83052,10204608,20590.47762,9045,25478.07571,6328822,11815.7742,908457,0,0,2019_40,1.5,453451,21706.532,15022.4,2019.75,2019.75,40,1076795.335
95,10/3/19,3.6,87.07982542,10881.4116,8439346,25686.84198,12513152,22080.89894,10030,31250.91919,7686798,11981.46746,948571,0,0,2019_40,1.48,453451,21706.532,15022.4,2019.75,2019.75,40,1082971.184
96,10/4/19,3.6,66.0648175,10297.53537,9095938,24109.31006,11737050,27381.90976,12531,23872.63458,5649042,12130.80208,1003474,0,0,2019_40,1.5,453451,21706.532,15022.4,2019.75,2019.75,40,1068120.883
97,10/5/19,3.6,77.53798509,11258.06138,9174754,22149.09903,11187188,21598.83568,9425,27858.83497,6716036,12217.85919,905339,0,0,2019_40,1.5,453451,21706.532,15022.4,2019.75,2019.75,40,1085994.47
98,10/6/19,3.6,67.95466862,11195.51268,10650084,23930.19002,12334734,20954.72875,9261,24323.77231,5754463,12133.09648,802221,0,0,2019_40,1.5,453451,21706.532,15022.4,2019.75,2019.75,40,1079819.992
99,10/7/19,3.6,84.48225575,10581.10257,10817376,24696.40595,10894551,21692.72162,9554,0,0,11891.09016,879334,0,0,2019_41,1.51,453451,21706.532,15022.4,2019.75,2019.75,41,1080550.579
100,10/8/19,3.6,79.58268,11509.82027,8724169,23098.6188,11761630,19231.67937,8654,0,0,12091.98038,860992,0,0,2019_41,1.48,453451,21706.532,15022.4,2019.75,2019.75,41,1069393.984
101,10/9/19,3.6,76.33156067,11051.9379,11580759,21716.90156,9391007,23399.55559,10691,0,0,12209.96028,908837,0,0,2019_41,1.49,453451,21706.532,15022.4,2019.75,2019.75,41,1110915.708
102,10/10/19,3.6,60.68954233,11088.36074,10767391,27783.04846,12421991,24057.3634,10476,0,0,11678.39214,1062803,0,0,2019_41,1.52,453451,21706.532,15022.4,2019.75,2019.75,41,1082695.141
103,10/11/19,3.6,54.54826802,11231.98879,10481124,24875.76767,11065890,23012.4475,10008,0,0,12074.58497,1107677,0,0,2019_41,1.56,453451,21706.532,15022.4,2019.75,2019.75,41,1078560.835
104,10/12/19,3.6,62.32644993,11126.3441,9555225,24556.92441,12457697,22628.98933,9528,0,0,12286.01209,1400308,0,0,2019_41,1.56,453451,21706.532,15022.4,2019.75,2019.75,41,1077172.016
105,10/13/19,3.6,71.61751214,11110.1568,10631064,24675.53596,11053538,23736.40141,10699,0,0,11365.94355,1164728,0,0,2019_41,1.56,453451,21706.532,15022.4,2019.75,2019.75,41,1073725.708
106,10/14/19,3.6,75.80811284,10885.39334,10923112,25673.69064,13281595,25046.06188,11568,0,0,12143.88809,1066473,0,0,2019_42,1.56,453451,21706.532,15022.4,2019.75,2019.75,42,1081828.504
107,10/15/19,3.6,67.36518999,11082.53634,10300463,27163.35452,11690483,25161.63319,12139,0,0,12061.31382,1125820,0,0,2019_42,1.56,453451,21706.532,15022.4,2019.75,2019.75,42,1088185.589
108,10/16/19,3.6,67.04944712,11279.82767,10306222,27060.38636,11748412,25899.26024,11550,0,0,12335.69186,1071012,0,0,2019_42,1.57,453451,21706.532,15022.4,2019.75,2019.75,42,1088333.467
109,10/17/19,3.6,70.10793993,11186.91727,11614549,24293.14171,12514238,21628.3356,9888,0,0,12260.10523,1085574,0,0,2019_42,1.59,453451,21706.532,15022.4,2019.75,2019.75,42,1098446.391
110,10/18/19,3.6,65.19174569,10653.42207,9481556,27150.76339,13680794,20437.61896,8998,0,0,12074.09587,986380,0,0,2019_42,1.6,453451,21706.532,15022.4,2019.75,2019.75,42,1089975.703
111,10/19/19,3.6,68.60677086,11354.02004,9447335,24569.35504,11692829,21411.82001,10178,0,0,12110.756,1035032,0,0,2019_42,1.6,453451,21706.532,15022.4,2019.75,2019.75,42,1059284.428
112,10/20/19,3.6,56.28737347,10937.68482,11272535,25367.11786,12687060,19201.67098,9339,0,0,12269.84911,860300,0,0,2019_42,1.6,453451,21706.532,15022.4,2019.75,2019.75,42,1105301.968
113,10/21/19,3.6,62.12359914,10621.70871,9033892,26901.13564,12801313,20516.72551,9209,23711.43848,5940969,0,0,0,0,2019_43,1.61,453451,21706.532,15022.4,2019.75,2019.75,43,1069803.878
114,10/22/19,3.6,46.25392194,10894.59607,9346552,27167.10193,14022280,24025.98636,10403,31356.97863,7460450,0,0,0,0,2019_43,1.61,453451,21706.532,15022.4,2019.75,2019.75,43,1103440.418
115,10/23/19,3.6,62.920484,10274.37992,10405947,22010.14096,10187868,23827.52957,10834,24136.25561,5685802,0,0,0,0,2019_43,1.61,453451,21706.532,15022.4,2019.75,2019.75,43,1082005.592
116,10/24/19,3.6,43.96459091,11183.60198,9988149,23712.13444,10913294,17884.30335,8335,20476.70038,4903533,0,0,0,0,2019_43,1.62,453451,21706.532,15022.4,2019.75,2019.75,43,1067003.904
117,10/25/19,3.6,49.86265878,11732.34624,10313782,27857.59503,13670021,21878.00724,9408,25479.33948,6380611,0,0,0,0,2019_43,1.65,453451,21706.532,15022.4,2019.75,2019.75,43,1083770.488
118,10/26/19,3.6,53.58975318,11072.77392,8977271,24225.1805,10712001,24008.70285,10861,27633.79984,6865211,0,0,0,0,2019_43,1.65,453451,21706.532,15022.4,2019.75,2019.75,43,1079941.576
119,10/27/19,3.6,68.68929506,11243.32077,11094030,24858.34596,13660405,26406.76565,11884,31371.8277,7599941,0,0,0,0,2019_43,1.65,453451,21706.532,15022.4,2019.75,2019.75,43,1069614.11
120,10/28/19,3.6,69.98961537,10803.07057,10237253,24861.67153,11971499,25703.09432,10901,24754.71806,5969745,0,0,0,0,2019_44,1.64,453451,21706.532,15022.4,2019.75,2019.75,44,1082476.925
121,10/29/19,3.6,44.19950255,10616.57537,9998507,24799.80755,11611348,22086.51391,10526,30272.5716,7160728,0,0,17166.28493,925742,2019_44,1.61,453451,21706.532,15022.4,2019.75,2019.75,44,1062081.361
122,10/30/19,3.6,60.18431658,10740.92955,8964666,25668.71465,13065013,26446.1079,11641,23228.21845,5704958,0,0,15457.91354,1049298,2019_44,1.57,453451,21706.532,15022.4,2019.75,2019.75,44,1105959.227
123,10/31/19,3.6,45.30546959,10875.05139,10536155,22350.64593,11123510,19035.11641,7736,22690.54946,5696771,0,0,19612.84337,1244237,2019_44,1.54,453451,21706.532,15022.4,2019.75,2019.75,44,1075580.17
124,11/1/19,3.6,61.13998422,11191.63168,11740554,26560.04694,14343010,25992.71484,12030,27234.40235,6736801,0,0,21142.2054,1604582,2019_44,1.59,455933,21706.532,15084.2,2019.833333,2019.75,44,1114494.082
125,11/2/19,3.6,49.00686636,11272.41131,9731169,23425.80606,11188585,24734.61823,10284,28085.44588,6883421,0,0,22100.57608,1187512,2019_44,1.59,455933,21706.532,15084.2,2019.833333,2019.75,44,1069914.779
126,11/3/19,3.6,64.9327078,11034.27416,11030098,23826.16637,11034968,22431.19401,9893,33524.90691,8287615,0,0,23276.08171,1269755,2019_44,1.59,455933,21706.532,15084.2,2019.833333,2019.75,44,1088992.057
127,11/4/19,3.6,71.29937094,10987.97629,10521662,23909.06825,9804006,27208.99972,11811,0,0,11843.0125,913340,21237.4748,1572767,2019_45,1.64,455933,21706.532,15084.2,2019.833333,2019.75,45,1080516.065
128,11/5/19,3.6,59.33195508,11207.01055,10319980,26524.95761,12143746,23337.27782,10151,0,0,11944.3634,1093928,20450.83194,1519599,2019_45,1.68,455933,21706.532,15084.2,2019.833333,2019.75,45,1084149.978
129,11/6/19,3.6,54.46777057,10881.29066,10220433,25128.06631,11322487,23375.98286,10073,0,0,11917.8734,928862,21548.08782,1565666,2019_45,1.66,455933,21706.532,15084.2,2019.833333,2019.75,45,1068367.993
130,11/7/19,3.6,54.18678276,11053.52833,10985507,25256.38288,13806758,24564.68213,10955,0,0,11796.14354,1201525,20009.30523,1446095,2019_45,1.69,455933,21706.532,15084.2,2019.833333,2019.75,45,1101885.422
131,11/8/19,3.6,62.93808149,11346.9583,9795161,26211.20059,13351984,19535.01632,9108,0,0,12092.76497,988775,20710.87108,1151688,2019_45,1.71,455933,21706.532,15084.2,2019.833333,2019.75,45,1063887.042
132,11/9/19,3.6,82.21018102,10908.53952,10979306,25789.85968,12056316,21233.24804,8866,0,0,12015.91322,788105,18465.65078,1175618,2019_45,1.71,455933,21706.532,15084.2,2019.833333,2019.75,45,1085849.07
133,11/10/19,3.6,70.39288263,10886.55395,10821946,23927.56789,11774803,22972.43637,11012,0,0,12279.01266,1308416,18317.3308,1259736,2019_45,1.71,455933,21706.532,15084.2,2019.833333,2019.75,45,1100526.27
134,11/11/19,3.6,65.97952182,10992.80477,9299427,25565.33243,10269242,24012.30445,10424,0,0,11566.48462,1333475,20593.43912,1470908,2019_46,1.71,455933,21706.532,15084.2,2019.833333,2019.75,46,1079524.945
135,11/12/19,3.6,66.41096698,10979.71829,9235282,24994.31276,14034608,22000.06931,11285,0,0,11813.64822,771223,19975.73217,1180338,2019_46,1.7,455933,21706.532,15084.2,2019.833333,2019.75,46,1089773.767
136,11/13/19,3.6,69.28205793,10939.62101,9081465,25412.37621,12383257,21608.76591,9319,0,0,11783.1076,1042034,21414.57954,1692833,2019_46,1.66,455933,21706.532,15084.2,2019.833333,2019.75,46,1110359.743
137,11/14/19,3.6,59.94849433,11091.9834,10487284,22236.76852,10660110,22444.36329,9646,0,0,12501.95845,1191131,20040.87357,1307386,2019_46,1.62,455933,21706.532,15084.2,2019.833333,2019.75,46,1081619.744
138,11/15/19,3.6,61.20462016,11527.0921,9620269,25032.86194,12679402,23545.96306,10670,0,0,12109.24405,959627,21196.28053,1304092,2019_46,1.63,455933,21706.532,15084.2,2019.833333,2019.75,46,1082157.021
139,11/16/19,3.6,85.41304282,10288.03189,9453894,25213.03384,12668681,25499.74732,11032,0,0,11929.64997,984836,19772.60433,1122699,2019_46,1.63,455933,21706.532,15084.2,2019.833333,2019.75,46,1087786.064
140,11/17/19,3.6,72.57720134,10949.56722,12030187,25447.28015,12114520,23915.03928,10847,0,0,11679.75039,837079,17355.42445,1397605,2019_46,1.63,455933,21706.532,15084.2,2019.833333,2019.75,46,1107872.148
141,11/18/19,3.6,74.83105646,11458.91613,10004750,24401.95575,11960520,24530.57152,10195,27486.7749,6633072,12185.31381,1234123,19595.10508,1325771,2019_47,1.63,455933,21706.532,15084.2,2019.833333,2019.75,47,1082672.04
142,11/19/19,3.6,73.18165092,11190.83759,10500623,26696.27014,12042283,23783.45472,10830,21684.96646,5349981,12342.02136,1099754,22787.71321,1098255,2019_47,1.63,455933,21706.532,15084.2,2019.833333,2019.75,47,1106584.916
143,11/20/19,3.6,81.65813922,10897.76391,9456753,27987.0455,14448714,21905.59863,9355,22902.3527,5586604,11813.37189,1079754,21531.4429,1301337,2019_47,1.6,455933,21706.532,15084.2,2019.833333,2019.75,47,1102849.473
144,11/21/19,3.6,73.11393979,11037.04727,9976083,23693.65555,11879626,22064.41104,9855,24834.25235,5971464,11889.33181,942173,21575.8644,1479746,2019_47,1.63,455933,21706.532,15084.2,2019.833333,2019.75,47,1103931.493
145,11/22/19,3.6,75.78512421,12003.9737,11406344,22326.23159,10920234,20785.95326,8658,22823.6343,5431368,12494.69629,791179,22233.24712,1380849,2019_47,1.62,455933,21706.532,15084.2,2019.833333,2019.75,47,1092252.953
146,11/23/19,3.6,62.4167667,11162.78227,10636402,26642.16182,11150341,24571.02981,10626,22789.88854,5356033,12214.66484,1013977,19111.45627,1318535,2019_47,1.62,455933,21706.532,15084.2,2019.833333,2019.75,47,1122019.996
147,11/24/19,3.6,69.23936784,11057.2679,10056753,24022.90772,12242156,21703.82249,9684,25637.09206,6324233,12002.91743,1395236,18591.5932,1226907,2019_47,1.62,455933,21706.532,15084.2,2019.833333,2019.75,47,1083364.161
148,11/25/19,3.6,87.24057528,11165.60358,11075248,25514.4536,12352465,25147.95233,12621,18691.74268,4487953,12175.60811,987809,18898.64486,991174,2019_48,1.62,455933,21706.532,15084.2,2019.833333,2019.75,48,1082162.081
149,11/26/19,3.6,85.72803227,11313.00645,9633760,25233.17844,13376556,23724.77102,10507,33435.29692,8230553,12425.59032,1085459,19188.18774,1139731,2019_48,1.62,455933,21706.532,15084.2,2019.833333,2019.75,48,1095039.839
150,11/27/19,3.6,85.61049871,10960.08089,11526279,24761.00194,11182986,26831.30387,11722,21210.31913,5332595,11938.79285,862764,18994.87152,1060888,2019_48,1.63,455933,21706.532,15084.2,2019.833333,2019.75,48,1080104.416
151,11/28/19,3.6,79.94919663,11312.15481,10471057,25935.85322,12163069,24106.89722,10452,28049.27921,6651641,12120.42494,1204401,19946.61326,1368187,2019_48,1.63,455933,21706.532,15084.2,2019.833333,2019.75,48,1106342.46
152,11/29/19,3.6,77.8632344,10790.30096,9726235,22126.22466,10085677,22579.72025,9927,23104.31737,5500248,12113.03537,1405349,18260.8103,1070479,2019_48,1.61,455933,21706.532,15084.2,2019.833333,2019.75,48,1111437.25
153,11/30/19,3.6,57.48058865,11042.4979,11445312,26062.02443,11624008,22181.37322,10014,28196.71546,6837916,12223.57304,1139620,19001.36327,1128856,2019_48,1.61,455933,21706.532,15084.2,2019.833333,2019.75,48,1117308.858
154,12/1/19,3.6,58.27877554,10137.97123,9299564,23274.57213,11118896,23236.65996,10122,25323.2076,5835797,11668.62205,1037747,20233.00993,1247089,2019_48,1.61,458923,21706.532,15018.1,2019.916667,2019.75,48,1080511.138
155,12/2/19,3.6,56.76034796,11436.0367,9641935,22509.61121,10431240,25148.37568,10528,0,0,0,0,21169.42903,1205263,2019_49,1.65,458923,21706.532,15018.1,2019.916667,2019.75,49,1089256.82
156,12/3/19,3.6,73.44678586,11292.20138,11013023,26291.46164,12440565,23078.85634,10624,0,0,0,0,19725.53971,973778,2019_49,1.63,458923,21706.532,15018.1,2019.916667,2019.75,49,1090916.993
157,12/4/19,3.6,76.18719809,11342.98988,11351772,24321.12439,11640318,22681.32429,10114,0,0,0,0,19156.81832,1203793,2019_49,1.66,458923,21706.532,15018.1,2019.916667,2019.75,49,1066846.469
158,12/5/19,3.6,60.97538046,11504.91065,10366528,24587.19918,11502787,18426.23207,7682,0,0,0,0,21050.02387,1360455,2019_49,1.67,458923,21706.532,15018.1,2019.916667,2019.75,49,1093186.476
159,12/6/19,3.6,53.65694978,11122.71417,11789246,25259.45057,13113387,22345.91492,10336,0,0,0,0,21607.70096,1280283,2019_49,1.69,458923,21706.532,15018.1,2019.916667,2019.75,49,1088273.714
160,12/7/19,3.6,57.92759928,11076.73082,11460353,28111.30677,13556004,23148.78095,9764,0,0,0,0,19525.31723,1463821,2019_49,1.69,458923,21706.532,15018.1,2019.916667,2019.75,49,1099743.847
161,12/8/19,3.6,60.57463476,11207.94801,10439273,26585.60549,11823954,24584.88197,10463,0,0,0,0,20751.55248,1645903,2019_49,1.69,458923,21706.532,15018.1,2019.916667,2019.75,49,1090700.96
162,12/9/19,3.6,71.02145185,10614.30569,10157219,22725.25719,9766780,23473.35556,11354,0,0,0,0,17803.62069,1206656,2019_50,1.69,458923,21706.532,15018.1,2019.916667,2019.75,50,1077192.882
163,12/10/19,3.6,46.72754049,10257.94659,7412042,24596.98236,12018038,25466.32053,11892,0,0,0,0,20576.85488,1021698,2019_50,1.71,458923,21706.532,15018.1,2019.916667,2019.75,50,1050397.975
164,12/11/19,3.6,46.90051794,10655.47093,9434391,22955.27016,11227517,25062.34388,12155,0,0,0,0,21524.11324,1698877,2019_50,1.69,458923,21706.532,15018.1,2019.916667,2019.75,50,1092398.351
165,12/12/19,3.6,64.31234406,10662.80743,9573405,23352.40231,10362659,24866.76809,9882,0,0,0,0,19040.76695,1402027,2019_50,1.72,458923,21706.532,15018.1,2019.916667,2019.75,50,1098504.958
166,12/13/19,3.6,51.21514399,11158.11422,9303421,25482.92413,11519799,24186.03423,10102,0,0,0,0,16594.28997,929568,2019_50,1.7,458923,21706.532,15018.1,2019.916667,2019.75,50,1064976.616
167,12/14/19,3.6,62.58224117,10438.07278,9789885,25195.34235,12022324,24583.6782,11206,0,0,0,0,19565.0951,1102745,2019_50,1.7,458923,21706.532,15018.1,2019.916667,2019.75,50,1077514.239
168,12/15/19,3.6,48.59108193,10459.65866,11238894,22392.10573,11346674,19097.23937,8764,0,0,0,0,18416.699,976902,2019_50,1.7,458923,21706.532,15018.1,2019.916667,2019.75,50,1076984.364
169,12/16/19,3.6,53.01738412,10767.06716,9933557,24421.58092,10851894,25813.70222,11627,26289.68331,6339310,11848.77372,842279,20569.15433,1096915,2019_51,1.73,458923,21706.532,15018.1,2019.916667,2019.75,51,1074145.389
170,12/17/19,3.6,56.28152075,11318.61685,10181688,26181.7638,12959736,25344.19183,11092,26552.97701,6361115,12008.47676,941308,20608.65978,1141437,2019_51,1.75,458923,21706.532,15018.1,2019.916667,2019.75,51,1090555.494
171,12/18/19,3.6,68.58371943,10974.62353,10894139,26891.32388,13482314,26198.26818,11491,25667.23903,6150595,12211.44686,954819,19931.96673,1086860,2019_51,1.76,458923,21706.532,15018.1,2019.916667,2019.75,51,1060996.798
172,12/19/19,3.6,44.23350078,10896.61366,9885652,22445.79598,10531093,22876.43744,10006,24456.62938,5949588,11669.25193,930271,18997.45717,1114098,2019_51,1.77,458923,21706.532,15018.1,2019.916667,2019.75,51,1076207.353
173,12/20/19,3.6,51.6301296,11185.39168,10544819,24609.14872,11115744,24427.5023,10287,26593.27481,6315013,12271.48201,1204311,20593.49856,1156209,2019_51,1.77,458923,21706.532,15018.1,2019.916667,2019.75,51,1084849.206
174,12/21/19,3.6,50.45595585,11168.05083,9447263,25404.27714,11680381,18601.46818,7919,21073.59973,5102616,11773.72886,964156,20931.21055,1214390,2019_51,1.77,458923,21706.532,15018.1,2019.916667,2019.75,51,1084367.28
175,12/22/19,3.6,55.22993481,11494.52577,9928448,25687.18512,13465808,23041.14967,9588,23656.46517,5569301,12276.35369,884098,21043.18655,1408630,2019_51,1.77,458923,21706.532,15018.1,2019.916667,2019.75,51,1093652.836
176,12/23/19,3.6,66.65199707,10673.55213,10483455,27385.16319,11863270,19959.05175,8486,23016.03454,5532886,11827.50872,749609,19681.68909,1121489,2019_52,1.75,458923,21706.532,15018.1,2019.916667,2019.75,52,1079508.593
177,12/24/19,3.6,70.44057379,11309.72989,9938860,21718.41861,10358333,25695.97764,11937,30887.01233,7363749,11811.62041,1368059,22110.68696,1315364,2019_52,1.75,458923,21706.532,15018.1,2019.916667,2019.75,52,1094628.109
178,12/25/19,3.6,66.27161431,10597.65952,10294841,27317.3846,12876129,25114.79176,11918,28056.11571,6805967,12117.23187,1087634,20230.6319,1242099,2019_52,1.75,458923,21706.532,15018.1,2019.916667,2019.75,52,1110445.904
179,12/26/19,3.6,67.30099937,10694.447,10916684,22417.65213,10452434,22360.32236,10455,27646.56204,6703748,11762.73655,1068412,16985.37354,1022027,2019_52,1.74,458923,21706.532,15018.1,2019.916667,2019.75,52,1079419.128
180,12/27/19,3.6,54.12140488,10772.62447,9884517,29182.28513,14310665,24632.17293,10491,25849.14668,6259162,12014.32465,999292,22939.00676,2078717,2019_52,1.73,458923,21706.532,15018.1,2019.916667,2019.75,52,1096900.56
181,12/28/19,3.6,73.16493276,11443.68703,10543291,21492.28733,10452446,20691.05214,8981,26890.10226,6533735,11984.48466,1097795,21667.60474,1393127,2019_52,1.73,458923,21706.532,15018.1,2019.916667,2019.75,52,1110922.445
182,12/29/19,3.6,71.82433264,10732.25918,10309502,25057.65668,12861714,23106.70242,10350,29993.80023,7097586,11542.91017,977905,23742.85382,1317335,2019_52,1.73,458923,21706.532,15018.1,2019.916667,2019.75,52,1113833.929
183,12/30/19,3.6,79.09769891,10684.62801,10402665,24356.6152,11541246,25416.69011,11761,0,0,11688.50861,903570,19196.6604,1383963,2019_53,1.75,458923,21706.532,15018.1,2019.916667,2019.75,53,1079732.925
184,12/31/19,3.6,54.49342019,10887.22956,9642782,27403.83062,12640577,22515.4079,11551,0,0,11863.09034,789359,17826.35402,1059967,2019_53,1.77,458923,21706.532,15018.1,2019.916667,2019.75,53,1081817.03
185,1/1/20,3.5,72.13715049,10999.23326,9361715,24423.13428,10411505,22902.36373,10836,0,0,11757.13129,1343440,20359.9361,1329051,2020_1,1.77,456113,21538.032,15149.7,2020,2020,1,1092840.315
186,1/2/20,3.5,66.81492602,11120.06539,10395613,23661.79961,11889443,22716.5487,9773,0,0,11815.54533,1230903,19928.28456,1213410,2020_1,1.8,456113,21538.032,15149.7,2020,2020,1,1122712.449
187,1/3/20,3.5,78.36108559,10987.74071,8975440,25753.91864,11636964,24234.06373,10447,0,0,11986.1032,925711,21240.08804,1266487,2020_1,1.77,456113,21538.032,15149.7,2020,2020,1,1082950.696
188,1/4/20,3.5,79.88303638,10863.16881,11034458,27372.51096,13666737,21040.30714,9205,0,0,11782.91156,963153,19771.27925,1344255,2020_1,1.77,456113,21538.032,15149.7,2020,2020,1,1115684.554
189,1/5/20,3.5,66.70807828,11373.00804,10507069,24238.11317,12419364,21260.11538,9557,0,0,12314.82153,1005205,20757.72119,1199273,2020_1,1.77,456113,21538.032,15149.7,2020,2020,1,1075712.042
190,1/6/20,3.5,67.30137253,10098.96961,8218490,23054.08105,9593429,19230.53361,8041,0,0,11480.49102,649732,23569.49901,1110512,2020_1,1.75,456113,21538.032,15149.7,2020,2020,1,1074163.101
191,1/7/20,3.5,79.8071261,10770.38515,10488646,23834.5088,12020693,23755.36606,10596,0,0,12265.67762,679770,19760.23476,1497282,2020_2,1.74,456113,21538.032,15149.7,2020,2020,2,1094355.923
192,1/8/20,3.5,74.90126971,11241.50255,9787204,25791.0664,12288346,21913.51958,10642,0,0,12262.38766,1070701,19298.64462,1497021,2020_2,1.75,456113,21538.032,15149.7,2020,2020,2,1104904.852
193,1/9/20,3.5,72.28081432,10432.29831,9351777,25795.99431,12440918,22532.97119,10031,0,0,11696.06952,1102285,16480.82139,1002945,2020_2,1.74,456113,21538.032,15149.7,2020,2020,2,1096629.428
194,1/10/20,3.5,63.46740749,11003.21012,10166919,24164.29044,11671014,19704.04307,9395,0,0,12285.7315,915563,20638.83728,1350993,2020_2,1.76,456113,21538.032,15149.7,2020,2020,2,1076366.843
195,1/11/20,3.5,87.17201176,11243.83666,10164580,25296.42236,11757793,24579.22626,10912,0,0,11492.59372,953511,19439.9871,1299443,2020_2,1.76,456113,21538.032,15149.7,2020,2020,2,1103609.582
196,1/12/20,3.5,84.38909753,11003.60676,9679548,25030.53251,13330255,18932.83209,8104,0,0,11715.84302,878814,20339.83078,1186570,2020_2,1.76,456113,21538.032,15149.7,2020,2020,2,1117410.175
197,1/13/20,3.5,75.20595514,10148.65813,8746162,27669.65761,12350767,23797.20602,10914,29139.21679,7185889,0,0,21572.30093,1206816,2020_2,1.77,456113,21538.032,15149.7,2020,2020,2,1093030.826
198,1/14/20,3.5,62.29208777,11108.84843,11444386,28458.03976,12179423,25885.19661,10873,21100.72777,5094865,0,0,19018.37332,882120,2020_3,1.77,456113,21538.032,15149.7,2020,2020,3,1092529.216
199,1/15/20,3.5,75.24674115,10922.81278,9389043,24662.02733,11156094,19494.03236,8272,25402.99327,6236246,0,0,21089.99277,1446502,2020_3,1.75,456113,21538.032,15149.7,2020,2020,3,1083946.297
200,1/16/20,3.5,70.74564957,10643.65142,10597208,25226.94218,11840243,21123.37773,9338,25821.21012,6442616,0,0,17448.17749,1584748,2020_3,1.74,456113,21538.032,15149.7,2020,2020,3,1094378.802
201,1/17/20,3.5,73.52619181,11231.63356,10313691,25179.32016,13438326,23645.69025,10581,26386.20977,6349495,0,0,16951.23639,815150,2020_3,1.75,456113,21538.032,15149.7,2020,2020,3,1124675.569
202,1/18/20,3.5,69.90277563,11060.14382,11521705,23813.52332,11553165,20597.32599,9613,28552.33827,6974982,0,0,20444.45017,1150745,2020_3,1.75,456113,21538.032,15149.7,2020,2020,3,1077005.509
203,1/19/20,3.5,58.36905772,10869.61498,7622554,23713.41543,12478463,26399.80145,11537,38742.78177,9535342,0,0,18396.09078,1295490,2020_3,1.75,456113,21538.032,15149.7,2020,2020,3,1073304.95
204,1/20/20,3.5,71.4376072,10377.66701,9189798,23380.4361,12276918,20489.5733,9130,23924.68662,5652460,0,0,16786.44797,1016430,2020_3,1.75,456113,21538.032,15149.7,2020,2020,3,1082061.517
205,1/21/20,3.5,60.15434829,10110.64741,8680724,25925.37773,11807462,25471.10012,11787,16974.91337,3999937,0,0,22069.69906,1341785,2020_4,1.74,456113,21538.032,15149.7,2020,2020,4,1090918.59
206,1/22/20,3.5,60.25868184,11015.83887,10080491,20330.17468,9942482,22129.04312,10435,28012.63871,6972990,0,0,21428.86596,1495200,2020_4,1.72,456113,21538.032,15149.7,2020,2020,4,1084298.106
207,1/23/20,3.5,80.63748978,10646.37656,9474253,27031.29843,14930844,24447.25829,11676,24093.29535,5782201,0,0,18893.14828,1114604,2020_4,1.7,456113,21538.032,15149.7,2020,2020,4,1104727.543
208,1/24/20,3.5,79.18534534,11389.63875,8890814,24949.58848,11890891,23774.25369,10032,26378.75532,6154779,0,0,22286.5583,1295534,2020_4,1.68,456113,21538.032,15149.7,2020,2020,4,1077796.575
209,1/25/20,3.5,72.20378893,10857.68573,10191874,26009.1055,13916659,24551.99979,11128,25967.53793,6007471,0,0,19281.55744,1337976,2020_4,1.68,456113,21538.032,15149.7,2020,2020,4,1098309.874
210,1/26/20,3.5,51.87031225,10681.47194,10233323,24655.14694,13068615,18675.29059,9149,31039.00174,7500616,0,0,21520.65736,1488844,2020_4,1.68,456113,21538.032,15149.7,2020,2020,4,1075865.796
211,1/27/20,3.5,63.0181633,10654.92324,11034044,27892.55649,13026003,20778.73003,9257,0,0,11894.70856,1029879,0,0,2020_4,1.63,456113,21538.032,15149.7,2020,2020,4,1082193.956
212,1/28/20,3.5,64.2766899,10714.24173,10785478,20769.91176,9602262,21453.42472,9324,0,0,12301.48105,1106965,0,0,2020_5,1.65,456113,21538.032,15149.7,2020,2020,5,1066188.595
213,1/29/20,3.5,58.66388644,11390.14866,11052338,26555.27866,13385646,24843.30973,11233,0,0,11833.03412,982897,0,0,2020_5,1.64,456113,21538.032,15149.7,2020,2020,5,1104590.253
214,1/30/20,3.5,45.51344417,10968.39572,10201119,23859.37798,11826804,22025.10116,9419,0,0,11722.53194,818598,0,0,2020_5,1.64,456113,21538.032,15149.7,2020,2020,5,1073068.959
215,1/31/20,3.5,56.79831502,10752.17669,9935693,22940.53892,10460950,26844.50134,11883,0,0,11808.42006,1271625,0,0,2020_5,1.65,456113,21538.032,15149.7,2020,2020,5,1080625.174
216,2/1/20,3.5,57.87302727,11524.82794,10447498,25094.79657,13036622,22994.95312,10411,0,0,12337.77438,1289522,0,0,2020_5,1.65,457898,21538.032,15232.8,2020.083333,2020,5,1063867.275
217,2/2/20,3.5,61.95692542,11030.63705,9590707,27280.94684,13046521,21903.23067,8977,0,0,12246.24354,884249,0,0,2020_5,1.65,457898,21538.032,15232.8,2020.083333,2020,5,1081376.6
218,2/3/20,3.5,62.154022,11095.9032,10961101,19197.07375,9563883,26775.04321,12941,0,0,11655.45487,1028722,0,0,2020_5,1.63,457898,21538.032,15232.8,2020.083333,2020,5,1065255.034
219,2/4/20,3.5,64.23384762,11399.09382,10111656,25039.45545,11155955,22990.50691,10884,0,0,11686.25371,1187239,0,0,2020_6,1.64,457898,21538.032,15232.8,2020.083333,2020,6,1076108.268
220,2/5/20,3.5,45.98269575,10544.75896,8833997,25747.63385,12511052,23248.94245,10567,0,0,11897.08268,1005732,0,0,2020_6,1.66,457898,21538.032,15232.8,2020.083333,2020,6,1087854.873
221,2/6/20,3.5,46.57179528,11153.88289,9733950,28437.60443,13987230,23391.02787,10361,0,0,11917.19548,1073522,0,0,2020_6,1.67,457898,21538.032,15232.8,2020.083333,2020,6,1101583.561
222,2/7/20,3.5,63.32463958,11198.94396,10979657,22586.62083,9819042,19824.91408,8968,0,0,12023.31551,804308,0,0,2020_6,1.66,457898,21538.032,15232.8,2020.083333,2020,6,1079425.303
223,2/8/20,3.5,54.68249931,11198.01078,11357897,21727.78229,11303762,22229.18127,9201,0,0,11819.39729,997875,0,0,2020_6,1.66,457898,21538.032,15232.8,2020.083333,2020,6,1074969.701
224,2/9/20,3.5,60.23279005,11490.17615,10523971,25460.35629,10603368,22826.33401,9889,0,0,12369.83036,867423,0,0,2020_6,1.66,457898,21538.032,15232.8,2020.083333,2020,6,1079537.326
225,2/10/20,3.5,46.00859201,10205.15581,8733846,26020.65991,13874824,21587.66949,9717,27445.77112,6670562,11953.73751,1003894,0,0,2020_6,1.66,457898,21538.032,15232.8,2020.083333,2020,6,1074896.651
226,2/11/20,3.5,67.08767965,11318.78752,10434401,25880.93928,12798542,24029.9545,11477,26893.62446,6328924,11963.27022,857454,0,0,2020_7,1.65,457898,21538.032,15232.8,2020.083333,2020,7,1119789.407
227,2/12/20,3.5,53.77399343,10862.43133,10155580,20834.22903,9690567,22758.66798,10493,26261.10744,6175446,12046.72156,1225847,0,0,2020_7,1.66,457898,21538.032,15232.8,2020.083333,2020,7,1072997.349
228,2/13/20,3.5,50.85142122,10640.11978,9828943,25642.36599,12944541,21295.22504,9933,22786.46164,5570250,11935.48974,849209,0,0,2020_7,1.67,457898,21538.032,15232.8,2020.083333,2020,7,1096658.234
229,2/14/20,3.5,65.65174364,10973.35026,10078293,20407.62227,9535224,24117.90153,11716,29318.24148,7088302,11925.41266,974562,0,0,2020_7,1.66,457898,21538.032,15232.8,2020.083333,2020,7,1071471.211
230,2/15/20,3.5,51.87308834,10881.11619,9717459,23415.44747,11454477,20254.05963,8838,29232.32172,7105773,11413.87695,986841,0,0,2020_7,1.66,457898,21538.032,15232.8,2020.083333,2020,7,1086951.334
231,2/16/20,3.5,50.39299398,11017.46197,11116166,24526.148,11198986,21218.3442,8860,19269.0723,4723074,11629.84312,963065,0,0,2020_7,1.66,457898,21538.032,15232.8,2020.083333,2020,7,1096073.988
232,2/17/20,3.5,50.5397188,11102.92982,10918284,27153.25906,12505062,22361.02254,10353,24159.84123,5887128,11952.8812,972102,0,0,2020_7,1.66,457898,21538.032,15232.8,2020.083333,2020,7,1080445.39
233,2/18/20,3.5,74.34164121,11362.35058,10950046,19953.82497,9231075,23150.63875,9897,20799.37768,5083784,11669.09763,874383,0,0,2020_8,1.65,457898,21538.032,15232.8,2020.083333,2020,8,1089176.37
234,2/19/20,3.5,62.31601561,10952.16463,9175113,25245.08307,13633445,21871.62721,9446,29517.09927,7207414,11744.05817,1174324,0,0,2020_8,1.65,457898,21538.032,15232.8,2020.083333,2020,8,1101855.61
235,2/20/20,3.5,77.72224456,10908.21723,10820887,22321.11962,10117881,19477.40876,9206,29535.68058,7095211,12046.84231,1177713,0,0,2020_8,1.63,457898,21538.032,15232.8,2020.083333,2020,8,1100440.585
236,2/21/20,3.5,56.78144592,10156.79491,8952271,25004.86523,10727437,22766.98146,10285,30545.02365,7397567,11591.9997,1133825,0,0,2020_8,1.61,457898,21538.032,15232.8,2020.083333,2020,8,1077498.573
237,2/22/20,3.5,69.29534509,11468.33327,10482481,26947.79594,12124997,25419.37649,11558,22164.03263,5361187,11968.26095,902140,0,0,2020_8,1.61,457898,21538.032,15232.8,2020.083333,2020,8,1087614.679
238,2/23/20,3.5,77.63868924,10706.24542,9010723,27145.08239,13637289,16623.20104,7320,27876.26121,6836205,11640.58522,969660,0,0,2020_8,1.61,457898,21538.032,15232.8,2020.083333,2020,8,1078222.379
239,2/24/20,3.5,74.5244996,10892.98264,10865276,25623.43342,12276084,24343.27113,10652,0,0,0,0,0,0,2020_8,1.59,457898,21538.032,15232.8,2020.083333,2020,8,1115313.482
240,2/25/20,3.5,73.31603056,10704.54833,9390692,21595.69291,9859606,25111.43463,11357,0,0,0,0,0,0,2020_9,1.53,457898,21538.032,15232.8,2020.083333,2020,9,1080194.065
241,2/26/20,3.5,84.8721879,10725.67293,10133313,26942.26523,11686549,23419.74506,9875,0,0,0,0,19215.71114,1246238,2020_9,1.54,457898,21538.032,15232.8,2020.083333,2020,9,1082464.118
242,2/27/20,3.5,87.7451373,11362.43918,10347040,26897.71311,12843548,22961.8948,9694,0,0,0,0,21121.03241,1286508,2020_9,1.53,457898,21538.032,15232.8,2020.083333,2020,9,1105418.385
243,2/28/20,3.5,68.61719871,11904.3813,9469548,25137.11689,11477246,25807.05529,10708,0,0,0,0,17049.26209,1051558,2020_9,1.41,457898,21538.032,15232.8,2020.083333,2020,9,1077606.902
244,2/29/20,3.5,64.75388666,11493.87093,10288904,28386.34323,13714182,23096.61267,9893,0,0,0,0,19248.47604,1007961,2020_9,1.41,457898,21538.032,15232.8,2020.083333,2020,9,1102380.28
245,3/1/20,4.4,66.55502357,11541.73976,9315744,21512.58322,9165992,17377.09106,7030,0,0,0,0,23178.80423,1071963,2020_9,1.41,432392,21538.032,15008.5,2020.166667,2020,9,1077246.46
246,3/2/20,4.4,86.58518588,11033.47851,10306103,22565.68965,10435926,24480.55111,11036,0,0,0,0,17684.96892,895054,2020_9,1.41,432392,21538.032,15008.5,2020.166667,2020,9,1077148.884
247,3/3/20,4.4,65.48844703,11065.40832,9765277,26144.3306,14042831,25499.85355,11811,0,0,0,0,23755.79829,1297519,2020_10,1.45,432392,21538.032,15008.5,2020.166667,2020,10,1103954.481
248,3/4/20,4.4,70.31538319,11140.46309,9642965,27952.96296,13086891,24702.505,11107,0,0,0,0,23311.62814,1499162,2020_10,1.46,432392,21538.032,15008.5,2020.166667,2020,10,1108567.44
249,3/5/20,4.4,66.35735942,11297.91959,10148560,23984.0384,12450472,24004.00974,10041,0,0,0,0,23197.64702,1735964,2020_10,1.4,432392,21538.032,15008.5,2020.166667,2020,10,1087268.528
250,3/6/20,4.4,63.43643529,10811.46152,11014132,25239.03713,12763345,23925.62983,11136,0,0,0,0,17744.46735,1037230,2020_10,1.31,432392,21538.032,15008.5,2020.166667,2020,10,1102504.958
251,3/7/20,4.4,67.60055463,10931.01919,9730757,22536.06361,10482965,23748.55678,10458,0,0,0,0,19160.70518,1415276,2020_10,1.31,432392,21538.032,15008.5,2020.166667,2020,10,1083505.392
252,3/8/20,4.4,80.38320887,10942.03139,12006497,27091.39917,13109782,24109.80872,10484,0,0,0,0,21018.87479,1229938,2020_10,1.31,432392,21538.032,15008.5,2020.166667,2020,10,1099479.296
253,3/9/20,4.4,77.64756132,10363.80358,8208501,22711.64139,10591867,25672.24197,11198,30792.71982,7446317,11561.3281,1277541,20199.84298,1318329,2020_10,0.99,432392,21538.032,15008.5,2020.166667,2020,10,1079086.437
254,3/10/20,4.4,60.8713791,11293.94782,10017013,27134.50374,13738806,20628.68297,9325,26264.90956,6357971,12078.59341,965511,20336.72067,1572572,2020_11,1,432392,21538.032,15008.5,2020.166667,2020,11,1105858.288
255,3/11/20,4.4,62.64435124,11460.31245,10081037,24091.89373,10935939,22989.0106,11462,24449.27751,5881613,12133.5935,911114,20256.22813,1202189,2020_11,0.96,432392,21538.032,15008.5,2020.166667,2020,11,1081439.347
256,3/12/20,4.4,60.86427756,10663.18201,10802214,23140.55591,11703674,23893.2953,10895,30902.87946,7800475,12151.50862,1277314,22269.07396,1345358,2020_11,0.92,432392,21538.032,15008.5,2020.166667,2020,11,1117644.952
257,3/13/20,4.4,66.66603398,10655.48862,8028680,25814.37396,12107992,24712.66162,10548,27491.97547,6668904,11960.23994,893782,18925.48665,1502421,2020_11,0.9,432392,21538.032,15008.5,2020.166667,2020,11,1094095.486
258,3/14/20,4.4,61.03516206,10784.77448,9871474,23793.20964,10008256,20348.29512,9175,30252.61112,7178156,11793.43178,851428,21422.11959,1495682,2020_11,0.9,432392,21538.032,15008.5,2020.166667,2020,11,1092974.708
259,3/15/20,4.4,69.08133958,11198.63785,10099704,24295.53725,11041951,21715.077,9741,25271.18381,6190458,11825.41379,1291011,20019.92595,1103518,2020_11,0.9,432392,21538.032,15008.5,2020.166667,2020,11,1090141.421
260,3/16/20,4.4,68.49782385,10423.21355,8893063,21668.17759,10136693,17688.14077,7580,18966.7804,4574604,11719.54367,900960,18466.078,1665021,2020_11,0.73,432392,21538.032,15008.5,2020.166667,2020,11,1087740.839
261,3/17/20,4.4,53.71875418,10554.95907,9732157,24186.57123,12087848,23511.80027,9735,28604.81861,7019091,11550.09479,1345843,20919.45985,1364133,2020_12,0.63,432392,21538.032,15008.5,2020.166667,2020,12,1091643.757
262,3/18/20,4.4,54.21263494,10594.18035,8763042,21536.28426,9674405,22371.49248,9668,20691.00435,4963856,12268.30526,1020416,23033.26557,1162099,2020_12,0.63,432392,21538.032,15008.5,2020.166667,2020,12,1071040.775
263,3/19/20,4.4,74.42287005,11226.94547,10868333,28097.61109,13902201,21642.97978,9582,20662.40666,4929702,12198.54572,777879,16888.89298,1001934,2020_12,0.5,432392,21538.032,15008.5,2020.166667,2020,12,1077781.189
264,3/20/20,4.4,71.56115388,10914.37954,9907278,27383.68298,13954203,22716.84144,10608,21265.6671,5188595,12004.52779,886736,22201.8136,1727814,2020_12,0.75,432392,21538.032,15008.5,2020.166667,2020,12,1102530.411
265,3/21/20,4.4,71.85525364,10816.47724,10798339,25381.17147,10795440,25439.27288,12148,28867.50117,7282486,12173.83579,953534,20453.91795,1171785,2020_12,0.75,432392,21538.032,15008.5,2020.166667,2020,12,1083504.51
266,3/22/20,4.4,48.71914194,11771.26208,10358422,25452.34631,12759766,25770.3063,11295,26877.64594,6594711,12414.45755,991378,19255.47235,1004101,2020_12,0.75,432392,21538.032,15008.5,2020.166667,2020,12,1088323.647
267,3/23/20,4.4,45.61944322,11543.62424,10536256,26533.48466,11181045,22262.90514,9493,0,0,12221.88167,1057497,16021.42053,1077958,2020_12,0.8,432392,21538.032,15008.5,2020.166667,2020,12,1070056.308
268,3/24/20,4.4,60.26564579,11177.4637,12595140,28268.02326,13224401,20605.964,9087,0,0,12255.4612,1050958,17678.76022,1020161,2020_13,0.97,432392,21538.032,15008.5,2020.166667,2020,13,1097167.333
269,3/25/20,4.4,52.01992609,10497.88372,9407753,27490.46604,12895704,20867.73051,9040,0,0,11639.56564,892859,19607.73159,1137794,2020_13,1.07,432392,21538.032,15008.5,2020.166667,2020,13,1091746.737
270,3/26/20,4.4,58.30266182,11007.06767,12729483,20842.14915,9469877,24746.67665,10877,0,0,12326.79549,1168063,24490.17473,1673541,2020_13,1.07,432392,21538.032,15008.5,2020.166667,2020,13,1092342.82
271,3/27/20,4.4,52.25751666,10040.54756,10371740,22682.56169,9776692,20856.8723,10687,0,0,11679.95696,794780,19957.16209,1152997,2020_13,0.94,432392,21538.032,15008.5,2020.166667,2020,13,1074679.922
272,3/28/20,4.4,46.1058843,10978.30921,9869783,24987.78756,10745987,23671.57945,10580,0,0,11892.04865,915178,15798.42602,920870,2020_13,0.94,432392,21538.032,15008.5,2020.166667,2020,13,1071151.796
273,3/29/20,4.4,57.8811912,11545.36951,9009369,22445.7946,11492492,25201.67642,11295,0,0,12005.91984,1464310,24192.10657,1502964,2020_13,0.94,432392,21538.032,15008.5,2020.166667,2020,13,1076695.891
274,3/30/20,4.4,51.40884184,10875.12182,10849329,27841.23824,13673662,24216.60494,11532,0,0,12158.0053,844246,20608.69784,1352903,2020_13,0.95,432392,21538.032,15008.5,2020.166667,2020,13,1094535.808
275,3/31/20,4.4,45.62288102,10815.84572,9295416,26830.06592,14043897,22329.63675,10125,0,0,11888.35262,833992,19641.51107,1155362,2020_14,0.87,432392,21538.032,15008.5,2020.166667,2020,14,1071838.142
276,4/1/20,14.7,49.75514604,11156.99584,9850938,24246.67935,12662469,23094.94638,10438,0,0,12273.60953,927146,20770.33992,1345094,2020_14,0.91,375918,19636.731,17246.2,2020.25,2020.25,14,1056678.05
277,4/2/20,14.7,52.96265331,11703.05121,11548438,25065.53126,11200152,25740.54419,11264,0,0,12042.11632,1075791,21857.61535,1254982,2020_14,1.03,375918,19636.731,17246.2,2020.25,2020.25,14,1092807.146
278,4/3/20,14.7,66.95158075,10727.40977,11889476,26766.62894,13532405,23580.07894,10824,0,0,11744.76377,982651,17689.65758,1002948,2020_14,1.08,375918,19636.731,17246.2,2020.25,2020.25,14,1066502.229
279,4/4/20,14.7,66.3329305,10917.92443,11961691,27284.40734,13630616,19986.36793,9196,0,0,11897.85973,923588,18737.37382,1290925,2020_14,1.08,375918,19636.731,17246.2,2020.25,2020.25,14,1098310.115
280,4/5/20,14.7,71.56563491,11066.56105,9577563,25000.21202,11298964,27021.65703,10908,0,0,11884.23838,983442,18252.24192,1067216,2020_14,1.08,375918,19636.731,17246.2,2020.25,2020.25,14,1109653.706
281,4/6/20,14.7,69.67611447,11221.99027,11578211,24982.15337,11296290,22320.99683,10924,28673.10173,7128148,0,0,21246.53805,1333421,2020_14,1.14,375918,19636.731,17246.2,2020.25,2020.25,14,1089562.366
282,4/7/20,14.7,51.37209462,11158.60215,14797870,24371.46162,11378070,21321.86209,9495,22193.65955,5422134,0,0,16475.18505,1002261,2020_15,1.17,375918,19636.731,17246.2,2020.25,2020.25,15,1066904.411
283,4/8/20,14.7,64.83133343,10844.71709,9608974,22756.53811,11615757,22643.80521,9871,31766.55104,7574822,0,0,20483.26449,1975243,2020_15,1.19,375918,19636.731,17246.2,2020.25,2020.25,15,1098197.763
284,4/9/20,14.7,72.50925521,10954.40399,8953890,24729.36352,11380496,24151.28174,11486,23388.8091,5701470,0,0,21520.35809,1219303,2020_15,1.23,375918,19636.731,17246.2,2020.25,2020.25,15,1066714.255
285,4/10/20,14.7,68.31430946,11061.46149,9373512,23744.37692,12762166,26531.52521,11056,28536.66139,6973915,0,0,17809.90155,977956,2020_15,1.23,375918,19636.731,17246.2,2020.25,2020.25,15,1074076.177
286,4/11/20,14.7,64.98285599,11544.76205,8928166,25925.96913,12885811,23701.58426,9884,31328.23561,7560550,0,0,16864.75215,1101761,2020_15,1.23,375918,19636.731,17246.2,2020.25,2020.25,15,1070218.285
287,4/12/20,14.7,60.27541218,11412.18942,11215288,25521.4442,12292930,24355.273,10741,25746.2751,6460180,0,0,17651.41396,1089135,2020_15,1.23,375918,19636.731,17246.2,2020.25,2020.25,15,1091879.462
288,4/13/20,14.7,54.9097523,10673.58505,10384831,22929.9054,9718028,19086.62764,8272,28330.93306,6789784,0,0,18895.26054,1057795,2020_15,1.26,375918,19636.731,17246.2,2020.25,2020.25,15,1050123.376
289,4/14/20,14.7,64.58660392,10898.66821,9536527,25486.21659,11587328,22610.47227,10542,23752.74792,5995755,0,0,18302.30399,1855927,2020_16,1.29,375918,19636.731,17246.2,2020.25,2020.25,16,1069256.25
290,4/15/20,14.7,62.78511002,10297.0183,8725899,25476.53016,12248440,23476.66307,9809,29621.9398,7018127,0,0,21087.15756,1445585,2020_16,1.19,375918,19636.731,17246.2,2020.25,2020.25,16,1062423.456
291,4/16/20,14.7,82.09834352,11081.02074,11988916,24206.38891,12431912,26627.51743,11426,29881.51469,7154605,0,0,18574.59409,1298141,2020_16,1.03,375918,19636.731,17246.2,2020.25,2020.25,16,1083514.838
292,4/17/20,14.7,77.47060653,11282.98867,11036070,24687.78323,11870999,22189.19177,10105,30049.66241,7446728,0,0,23220.28499,1149486,2020_16,1.01,375918,19636.731,17246.2,2020.25,2020.25,16,1058810.234
293,4/18/20,14.7,74.09102369,11180.59737,10847721,26137.26215,12415199,23044.97962,10193,27229.87444,6821410,0,0,20898.47469,1291849,2020_16,1.01,375918,19636.731,17246.2,2020.25,2020.25,16,1095160.318
294,4/19/20,14.7,75.74143209,11188.08536,9508902,27135.87071,13478389,24471.38222,10442,26468.32231,6249880,0,0,20826.95476,1289226,2020_16,1.01,375918,19636.731,17246.2,2020.25,2020.25,16,1066704.963
295,4/20/20,14.7,67.69834826,11208.50589,8702743,24146.97517,11966291,23194.29928,10187,0,0,12225.90714,1011968,17368.58689,1252328,2020_16,0.94,375918,19636.731,17246.2,2020.25,2020.25,16,1056126.246
296,4/21/20,14.7,61.48864253,11393.60655,11544200,27990.40112,13193126,25353.60243,11112,0,0,11826.26219,1325533,17281.44471,1317339,2020_17,0.96,375918,19636.731,17246.2,2020.25,2020.25,17,1075610.242
297,4/22/20,14.7,88.23365526,11237.11959,10661520,23651.85746,12113759,23690.63539,10442,0,0,11826.35973,1165253,21222.78797,1368214,2020_17,1.06,375918,19636.731,17246.2,2020.25,2020.25,17,1101856.299
298,4/23/20,14.7,82.03963687,10454.10723,8839633,21639.32217,10001745,25164.01852,11183,0,0,12028.40234,1143208,20184.79947,1109100,2020_17,1.05,375918,19636.731,17246.2,2020.25,2020.25,17,1086835.637
299,4/24/20,14.7,69.81941,10744.10943,9730466,23015.58199,10142290,20866.8169,10055,0,0,11431.41263,831469,18944.94529,1222286,2020_17,1.11,375918,19636.731,17246.2,2020.25,2020.25,17,1040170.114
300,4/25/20,14.7,82.77348204,10976.33995,9941461,22015.15929,11067521,24024.79199,10716,0,0,12094.15114,1086291,18533.80818,1242311,2020_17,1.11,375918,19636.731,17246.2,2020.25,2020.25,17,1060831.79
301,4/26/20,14.7,86.13284562,11452.2841,11290860,27965.67539,11808725,25207.6717,10600,0,0,11883.05436,1206158,19924.61909,1211961,2020_17,1.11,375918,19636.731,17246.2,2020.25,2020.25,17,1085301.755
302,4/27/20,14.7,72.06452168,10879.13044,9694840,27525.52447,13430850,24696.55409,10955,0,0,12362.90662,1278398,23133.67417,1535743,2020_17,1.17,375918,19636.731,17246.2,2020.25,2020.25,17,1087446.412
303,4/28/20,14.7,81.08381575,11028.63572,10898850,27947.88647,12006948,23129.07298,9781,0,0,11579.2476,1169921,19640.35332,1040858,2020_18,1.14,375918,19636.731,17246.2,2020.25,2020.25,18,1080920.853
304,4/29/20,14.7,67.0431774,11064.6266,10665807,24121.35231,11046131,24997.04427,10685,0,0,12145.5408,1295935,20350.59395,1144670,2020_18,1.14,375918,19636.731,17246.2,2020.25,2020.25,18,1086547.454
305,4/30/20,14.7,77.74510198,10717.41827,9147457,23333.05975,9642376,25129.16668,11167,0,0,12117.40498,1585049,20611.55283,1306132,2020_18,1.07,375918,19636.731,17246.2,2020.25,2020.25,18,1068003.104
306,5/1/20,13.2,86.08913792,11333.76436,11417291,23707.38632,12155880,23019.18731,9684,0,0,12171.90055,1117748,26328.8028,1707279,2020_18,1.06,442045,19636.731,16423.4,2020.333333,2020.25,18,1089312.179
307,5/2/20,13.2,68.41836727,11217.53598,9839664,27439.22078,13884588,20558.29464,9111,0,0,12417.73692,1175588,21032.85244,1315474,2020_18,1.06,442045,19636.731,16423.4,2020.333333,2020.25,18,1074102.884
308,5/3/20,13.2,69.80948772,11174.5657,8886229,26222.73432,13166868,27643.69623,13584,0,0,12043.04079,961447,19672.00854,1869583,2020_18,1.06,442045,19636.731,16423.4,2020.333333,2020.25,18,1063762.426
309,5/4/20,13.2,78.46667996,11119.75464,10130186,22288.88562,10767863,24854.10731,11199,23237.7235,5591511,11833.41579,923120,23072.82937,1229737,2020_18,1.07,442045,19636.731,16423.4,2020.333333,2020.25,18,1066588.387
310,5/5/20,13.2,68.42051662,10459.10863,9042054,25097.05566,11412710,23458.95752,10577,24299.98217,5896180,11946.07579,956456,21932.69245,1401417,2020_19,1.1,442045,19636.731,16423.4,2020.333333,2020.25,19,1071181.287
311,5/6/20,13.2,54.80290615,10416.9998,10278938,22078.91466,10618487,23602.01058,10527,22125.49828,5192420,12001.30366,935765,19480.35053,1161372,2020_19,1.1,442045,19636.731,16423.4,2020.333333,2020.25,19,1038269.291
312,5/7/20,13.2,55.84851553,10982.80582,9943982,26078.33853,12629187,21285.50517,9303,36080.56705,8725962,11742.07669,1140777,21633.62544,1636237,2020_19,1.08,442045,19636.731,16423.4,2020.333333,2020.25,19,1093789.698
313,5/8/20,13.2,55.50544899,11230.30588,9098742,24353.35177,10968882,23237.29913,9498,23956.15466,5773552,11787.71074,906594,21953.2274,1395886,2020_19,1.12,442045,19636.731,16423.4,2020.333333,2020.25,19,1070366.039
314,5/9/20,13.2,52.29871739,11344.24408,11117758,26168.95539,11917808,22752.1364,10478,28645.813,6833471,12225.96809,1216395,19319.22308,1128030,2020_19,1.12,442045,19636.731,16423.4,2020.333333,2020.25,19,1048504.596
315,5/10/20,13.2,59.93621161,10854.45706,9076131,25466.53734,13324765,23899.89183,10540,26681.46116,6367240,11782.34839,890195,18745.94313,1252363,2020_19,1.12,442045,19636.731,16423.4,2020.333333,2020.25,19,1056595.917
316,5/11/20,13.2,49.31310102,11193.47109,10357622,24598.10664,11423357,25789.55498,11807,31045.26768,7624223,11819.30972,954840,18001.48851,1218691,2020_19,1.13,442045,19636.731,16423.4,2020.333333,2020.25,19,1071326.239
317,5/12/20,13.2,62.21638728,10712.58271,9703349,24008.39965,11729032,24066.17058,11785,29987.98674,7303341,11592.43886,979217,20431.59126,994051,2020_20,1.09,442045,19636.731,16423.4,2020.333333,2020.25,20,1071677.296
318,5/13/20,13.2,54.93850252,10553.97742,10053242,24694.63911,11126668,20215.81949,9115,26605.19443,6464812,11911.63541,1162225,20202.99119,2493393,2020_20,1.07,442045,19636.731,16423.4,2020.333333,2020.25,20,1090398.838
319,5/14/20,13.2,59.78387551,10326.49269,9573100,21731.93048,11400968,24593.45616,10722,27284.20877,6797017,11669.12358,1034962,20219.67068,1556118,2020_20,1.06,442045,19636.731,16423.4,2020.333333,2020.25,20,1058889.398
320,5/15/20,13.2,69.4535609,11691.15613,13752945,29498.70219,13281654,26835.04302,12209,23774.63634,5750399,12159.80639,1074614,23317.3154,1611904,2020_20,1.09,442045,19636.731,16423.4,2020.333333,2020.25,20,1087057.085
321,5/16/20,13.2,54.07118601,10952.09336,8263378,27538.55658,11107229,23726.638,10477,27166.17077,6758697,11821.88475,835779,20304.5532,1141778,2020_20,1.09,442045,19636.731,16423.4,2020.333333,2020.25,20,1061262.612
322,5/17/20,13.2,69.60907612,11613.22208,9890509,22430.33294,10441832,26139.45479,11475,27561.23768,6552362,12256.9633,1199398,18666.18613,1072249,2020_20,1.09,442045,19636.731,16423.4,2020.333333,2020.25,20,1058130.161
323,5/18/20,13.2,53.11105389,11107.36963,8422775,25995.35983,13143614,21511.6328,9667,0,0,0,0,20515.52927,1071320,2020_20,1.17,442045,19636.731,16423.4,2020.333333,2020.25,20,1060926.775
324,5/19/20,13.2,68.463643,10469.81615,10957038,25031.73514,11152022,22318.60271,9594,0,0,0,0,21400.12098,1394744,2020_21,1.15,442045,19636.731,16423.4,2020.333333,2020.25,21,1094312.862
325,5/20/20,13.2,61.05978001,11132.13234,10003766,21835.01357,10214741,23296.25032,10766,0,0,0,0,18953.05847,1625999,2020_21,1.16,442045,19636.731,16423.4,2020.333333,2020.25,21,1080009.745
326,5/21/20,13.2,67.32480757,11311.23244,11181284,24339.21162,10434395,25096.43298,12139,0,0,0,0,22306.63767,1415915,2020_21,1.14,442045,19636.731,16423.4,2020.333333,2020.25,21,1082929.462
327,5/22/20,13.2,49.35091409,11257.0323,10449909,23647.71106,10590518,23319.51261,9520,0,0,0,0,19999.30134,1387647,2020_21,1.12,442045,19636.731,16423.4,2020.333333,2020.25,21,1057369.886
328,5/23/20,13.2,53.9512022,11634.50215,10826010,26369.2308,12160412,21169.2128,9245,0,0,0,0,21557.09858,1267692,2020_21,1.12,442045,19636.731,16423.4,2020.333333,2020.25,21,1051421.353
329,5/24/20,13.2,43.45254879,11266.5686,9185429,21972.85953,11187515,19740.22951,8625,0,0,0,0,20863.7535,1410498,2020_21,1.12,442045,19636.731,16423.4,2020.333333,2020.25,21,1042410.747
330,5/25/20,13.2,46.74955764,11290.7537,9618736,26422.33549,10137008,23049.65131,10167,0,0,0,0,23444.37352,1313206,2020_21,1.12,442045,19636.731,16423.4,2020.333333,2020.25,21,1063727.689
331,5/26/20,13.2,58.42504564,10977.972,11765974,25452.7772,11638879,25767.97861,10712,0,0,0,0,0,0,2020_22,1.13,442045,19636.731,16423.4,2020.333333,2020.25,22,1050485.261
332,5/27/20,13.2,55.62067698,10416.19264,8727782,24204.70235,11950791,25608.79839,10523,0,0,0,0,0,0,2020_22,1.14,442045,19636.731,16423.4,2020.333333,2020.25,22,1050869.18
333,5/28/20,13.2,68.71830744,10621.2177,9407372,24921.81768,11472503,25060.316,11693,0,0,0,0,0,0,2020_22,1.18,442045,19636.731,16423.4,2020.333333,2020.25,22,1051257.8
334,5/29/20,13.2,47.39443351,10813.44217,9660358,20659.44521,9719111,24961.6907,11035,0,0,0,0,0,0,2020_22,1.15,442045,19636.731,16423.4,2020.333333,2020.25,22,1056997.717
335,5/30/20,13.2,71.6851767,11067.31814,9166608,21564.49383,10273769,24007.74427,10189,0,0,0,0,0,0,2020_22,1.15,442045,19636.731,16423.4,2020.333333,2020.25,22,1048368.515
336,5/31/20,13.2,59.95902226,11258.7472,10578113,24210.58097,10727111,22113.32374,9428,0,0,0,0,0,0,2020_22,1.15,442045,19636.731,16423.4,2020.333333,2020.25,22,1052089.316
337,6/1/20,11,61.37693622,11301.39053,9917575,23295.09241,9983383,23175.14265,10084,31983.15735,7501485,12129.63957,907030,0,0,2020_22,1.18,472249,19636.731,16272.5,2020.416667,2020.25,22,1057283.002
338,6/2/20,11,78.43582594,10635.67942,11761616,23867.19972,10915067,22170.23764,9406,23969.7758,5781604,11835.65413,1004746,0,0,2020_23,1.18,472249,19636.731,16272.5,2020.416667,2020.25,23,1076455.116
339,6/3/20,11,66.31785698,10553.35499,9807109,24607.43726,12098587,24993.85944,11086,30596.93536,7632982,12387.63573,1315329,0,0,2020_23,1.21,472249,19636.731,16272.5,2020.416667,2020.25,23,1087812.717
340,6/4/20,11,69.64906035,10939.54098,9754743,24673.27111,11870657,22810.45377,10907,30264.18063,7410950,12047.98494,1112514,0,0,2020_23,1.22,472249,19636.731,16272.5,2020.416667,2020.25,23,1080322.995
341,6/5/20,11,81.52203793,10948.23565,8961015,26236.13263,13052888,23133.05966,10544,27598.82549,6746482,11727.44993,973520,0,0,2020_23,1.27,472249,19636.731,16272.5,2020.416667,2020.25,23,1064003.269
342,6/6/20,11,80.63694191,11342.91012,9068787,25044.17748,11529346,23382.31045,10240,30440.40932,7353346,12041.25287,962613,0,0,2020_23,1.27,472249,19636.731,16272.5,2020.416667,2020.25,23,1066541.08
343,6/7/20,11,64.78409663,10746.92259,10394777,26216.31343,13017470,24311.75695,11067,22306.82853,5474188,12038.80356,678925,0,0,2020_23,1.27,472249,19636.731,16272.5,2020.416667,2020.25,23,1067162.269
344,6/8/20,11,77.72763502,10477.33941,9538555,26179.2388,15070988,22740.06133,9057,25806.97131,6467967,11876.46222,810049,0,0,2020_23,1.28,472249,19636.731,16272.5,2020.416667,2020.25,23,1086648.914
345,6/9/20,11,71.88470976,10552.72054,11079176,26520.35694,14795855,18912.69621,7953,27269.44767,6625699,11918.23509,989902,0,0,2020_24,1.26,472249,19636.731,16272.5,2020.416667,2020.25,24,1110975.807
346,6/10/20,11,66.21205628,11266.88634,11868829,27433.10209,13749184,22861.87986,10763,26286.01292,6546908,12715.6197,929016,0,0,2020_24,1.27,472249,19636.731,16272.5,2020.416667,2020.25,24,1085749.887
347,6/11/20,11,79.96841768,11181.09372,9652296,21484.97807,11916430,23719.0477,10308,21408.5812,5266179,11564.00433,1199078,0,0,2020_24,1.21,472249,19636.731,16272.5,2020.416667,2020.25,24,1079504.902
348,6/12/20,11,88.13514918,10754.22056,11810667,25419.68298,12132050,24354.71443,10777,25826.22832,6403179,11787.67424,840299,0,0,2020_24,1.21,472249,19636.731,16272.5,2020.416667,2020.25,24,1067998.12
349,6/13/20,11,68.91936721,11183.08037,9232443,25536.99434,10431918,18797.43247,8068,26725.64798,6548505,11700.04636,945439,0,0,2020_24,1.21,472249,19636.731,16272.5,2020.416667,2020.25,24,1055083.57
350,6/14/20,11,75.02424652,11080.16646,10515627,20796.65032,8949200,24408.97429,10383,19761.36469,4930634,11741.24986,857045,0,0,2020_24,1.21,472249,19636.731,16272.5,2020.416667,2020.25,24,1074084.191
351,6/15/20,11,70.99519628,10848.33043,10653594,23132.42203,10542580,25956.97408,11711,0,0,12076.90869,1136689,0,0,2020_24,1.23,472249,19636.731,16272.5,2020.416667,2020.25,24,1072466.01
352,6/16/20,11,66.56076817,11486.19322,9455675,23663.1756,11561740,23693.04808,10822,0,0,11703.7962,1690894,0,0,2020_25,1.27,472249,19636.731,16272.5,2020.416667,2020.25,25,1090429.788
353,6/17/20,11,81.77126866,11420.29241,9911992,25024.25134,10970185,24908.20344,10800,0,0,11623.22524,1135402,0,0,2020_25,1.26,472249,19636.731,16272.5,2020.416667,2020.25,25,1065647.975
354,6/18/20,11,76.21349382,10791.90482,10130648,24353.45142,11599473,23414.77851,9661,0,0,12012.42359,778291,0,0,2020_25,1.28,472249,19636.731,16272.5,2020.416667,2020.25,25,1072403.68
355,6/19/20,11,67.52552783,10889.62822,8615084,28620.69759,12050550,23201.12462,9986,0,0,12034.80127,1022401,0,0,2020_25,1.3,472249,19636.731,16272.5,2020.416667,2020.25,25,1051192.701
356,6/20/20,11,62.15583706,10671.37523,8773538,23728.10771,12020801,21524.57465,9269,0,0,12469.86742,880358,0,0,2020_25,1.3,472249,19636.731,16272.5,2020.416667,2020.25,25,1044189.844
357,6/21/20,11,78.54969815,10537.6751,9255645,21522.00623,9860179,21428.43431,10482,0,0,11846.95206,1065506,0,0,2020_25,1.3,472249,19636.731,16272.5,2020.416667,2020.25,25,1053797.839
358,6/22/20,11,81.36583464,11045.94884,9591936,24958.26549,12644052,20264.62945,8949,0,0,12032.39965,986877,0,0,2020_25,1.34,472249,19636.731,16272.5,2020.416667,2020.25,25,1080189.129
359,6/23/20,11,61.09343526,10904.84385,9972543,25819.42891,11736281,25068.55127,11335,0,0,12286.37541,784820,0,0,2020_26,1.38,472249,19636.731,16272.5,2020.416667,2020.25,26,1075108.128
360,6/24/20,11,76.21775166,10591.18393,10319312,23682.30041,10444098,20561.25005,8836,0,0,11759.14088,972017,0,0,2020_26,1.33,472249,19636.731,16272.5,2020.416667,2020.25,26,1056553.468
361,6/25/20,11,56.36194316,10677.38571,9300759,26824.29541,14104331,22523.57595,9580,0,0,11876.00434,1020795,21839.64136,1067942,2020_26,1.33,472249,19636.731,16272.5,2020.416667,2020.25,26,1068982.253
362,6/26/20,11,64.72640133,11265.95441,10585113,24585.50989,11285627,23942.0673,10163,0,0,12061.52574,1186647,20157.79843,1353903,2020_26,1.32,472249,19636.731,16272.5,2020.416667,2020.25,26,1085668.84
363,6/27/20,11,73.92962973,10839.28027,9483519,27309.89176,11644755,24458.53336,11439,0,0,12074.21849,931710,19470.50307,1116081,2020_26,1.32,472249,19636.731,16272.5,2020.416667,2020.25,26,1065248.524
364,6/28/20,11,60.9763982,12055.17613,10482335,27555.87072,12538960,20625.75176,8842,0,0,12584.64247,1364937,19395.00109,1329089,2020_26,1.32,472249,19636.731,16272.5,2020.416667,2020.25,26,1075767.683
365,6/29/20,11,63.53715535,11150.22551,11447103,26853.02989,12672766,25629.42701,11520,26651.8196,6621322,0,0,22611.30969,1291866,2020_26,1.34,472249,19636.731,16272.5,2020.416667,2020.25,26,1085807.599
366,6/30/20,11,72.93740233,10355.98195,8801975,24878.68707,11367531,20802.56389,9164,27925.17522,6661617,0,0,20460.22078,1822373,2020_27,1.34,472249,19636.731,16272.5,2020.416667,2020.25,27,1066998.452
367,7/1/20,10.2,57.95530272,10896.12148,8706305,20973.21067,10107981,21071.54604,9009,32115.47767,7705122,0,0,21887.13353,1486334,2020_27,1.37,481169,21362.428,16372.2,2020.5,2020.5,27,1058876.961
368,7/2/20,10.2,51.58623779,10426.44771,8806612,27888.66545,12520216,17647.67393,8522,21399.81212,5004807,0,0,17395.58444,1499878,2020_27,1.41,481169,21362.428,16372.2,2020.5,2020.5,27,1080904.805
369,7/3/20,10.2,54.93259143,10646.82053,8647638,23029.72408,11062338,24157.51931,10628,22384.35991,5420341,0,0,25693.40926,2748924,2020_27,1.41,481169,21362.428,16372.2,2020.5,2020.5,27,1087786.673
370,7/4/20,10.2,50.09295993,11146.46964,8694233,25409.17647,11629210,21514.12148,9927,30142.30402,7101153,0,0,22275.86468,1036494,2020_27,1.41,481169,21362.428,16372.2,2020.5,2020.5,27,1084680.895
371,7/5/20,10.2,68.17271744,11452.49801,10078137,24077.72854,11071259,22528.16886,9423,20930.90146,5031625,0,0,22764.31792,1325190,2020_27,1.41,481169,21362.428,16372.2,2020.5,2020.5,27,1067729.453
372,7/6/20,10.2,62.50234214,10530.66334,8697379,28473.10033,14212687,21430.83255,8825,26949.0393,6614787,0,0,20209.31295,1062625,2020_27,1.45,481169,21362.428,16372.2,2020.5,2020.5,27,1077173.332
373,7/7/20,10.2,47.14220829,11750.70902,11176206,22126.07977,9357370,23537.09395,10393,30741.40375,7360191,0,0,22637.82676,1208309,2020_28,1.43,481169,21362.428,16372.2,2020.5,2020.5,28,1080062.791
374,7/8/20,10.2,51.85821384,10205.0246,8811503,27160.76534,14299578,25638.92616,12039,22093.59612,5264922,0,0,21846.01871,1402801,2020_28,1.42,481169,21362.428,16372.2,2020.5,2020.5,28,1057150.209
375,7/9/20,10.2,65.62815779,11292.83621,9239303,26368.66591,12669147,22187.99265,9360,21650.49428,5168312,0,0,21962.88923,1046576,2020_28,1.39,481169,21362.428,16372.2,2020.5,2020.5,28,1068307.17
376,7/10/20,10.2,65.13439896,11807.42513,10379974,23777.15924,13647451,23678.01081,10571,29582.64892,7216936,0,0,20606.60307,1263366,2020_28,1.41,481169,21362.428,16372.2,2020.5,2020.5,28,1087160.892
377,7/11/20,10.2,46.1858642,11326.12145,10458326,27086.07634,12203581,21545.55419,9889,24366.02964,5944025,0,0,18141.79399,1316622,2020_28,1.41,481169,21362.428,16372.2,2020.5,2020.5,28,1089808.743
378,7/12/20,10.2,53.84349616,11591.17482,11428009,24009.11441,10877011,21438.8871,9258,33040.03936,8361487,0,0,22699.92391,1478561,2020_28,1.41,481169,21362.428,16372.2,2020.5,2020.5,28,1089918.711
379,7/13/20,10.2,54.70275804,10691.50692,11317877,26883.06877,14171620,24652.13368,10765,0,0,11919.77497,1026357,21952.32104,1247905,2020_28,1.42,481169,21362.428,16372.2,2020.5,2020.5,28,1084739.657
380,7/14/20,10.2,67.31980229,10111.63788,9547501,25811.4118,13058391,26244.65372,11138,0,0,12413.76769,1053697,18506.46711,1340808,2020_29,1.41,481169,21362.428,16372.2,2020.5,2020.5,29,1080709.973
381,7/15/20,10.2,54.65932668,10467.8979,9565722,22749.87423,9252933,22832.96644,10299,0,0,11687.64196,1043657,22792.4725,1482918,2020_29,1.41,481169,21362.428,16372.2,2020.5,2020.5,29,1060524.637
382,7/16/20,10.2,62.95648125,11175.26428,8488057,26518.20067,12981224,23677.7836,9925,0,0,11615.15739,996168,18876.58143,1189485,2020_29,1.41,481169,21362.428,16372.2,2020.5,2020.5,29,1070952.382
383,7/17/20,10.2,64.43517594,10738.98319,9606550,23548.95015,11610475,23116.58909,10333,0,0,12102.38952,750530,20704.25166,1308227,2020_29,1.46,481169,21362.428,16372.2,2020.5,2020.5,29,1070996.808
384,7/18/20,10.2,45.54117414,11443.8885,9861098,23004.94936,10205879,27003.14634,11295,0,0,11997.10386,1049893,21414.996,1847116,2020_29,1.46,481169,21362.428,16372.2,2020.5,2020.5,29,1067546.799
385,7/19/20,10.2,47.18608615,10976.14018,9190393,23378.20433,10899754,22434.82008,9669,0,0,12056.85888,1465206,20406.3363,1672511,2020_29,1.46,481169,21362.428,16372.2,2020.5,2020.5,29,1062442.363
386,7/20/20,10.2,49.68929027,11333.61849,11799226,26626.22453,11834282,24035.03827,11807,0,0,11936.39577,959345,24074.85883,1286207,2020_29,1.46,481169,21362.428,16372.2,2020.5,2020.5,29,1086591.393
387,7/21/20,10.2,59.40038404,11060.95889,9478270,29050.55051,12488150,25163.35884,10539,0,0,12084.5861,906750,22231.43787,1262867,2020_30,1.48,481169,21362.428,16372.2,2020.5,2020.5,30,1097690.412
388,7/22/20,10.2,74.58278253,11062.53714,11531207,30177.30731,12973620,22382.42352,9526,0,0,12117.12492,1034303,17456.92433,1377888,2020_30,1.48,481169,21362.428,16372.2,2020.5,2020.5,30,1122700.349
389,7/23/20,10.2,63.01572326,11425.19219,12353075,24998.50886,11730075,20115.63131,10345,0,0,11867.32993,887220,19538.28001,1682450,2020_30,1.49,481169,21362.428,16372.2,2020.5,2020.5,30,1073118.513
390,7/24/20,10.2,72.90541126,10770.08589,9131644,21538.89654,10754389,23406.73086,10820,0,0,12027.63926,1447001,23994.79688,1358403,2020_30,1.51,481169,21362.428,16372.2,2020.5,2020.5,30,1072257.256
391,7/25/20,10.2,72.88844623,11105.60128,9920232,26141.40942,13392229,23816.32053,10949,0,0,11767.02644,1012108,18296.20151,1122894,2020_30,1.51,481169,21362.428,16372.2,2020.5,2020.5,30,1089811.841
392,7/26/20,10.2,58.82852134,11051.28897,10751006,30844.96058,14122338,23224.68213,10608,0,0,11848.38577,731988,16103.52926,903474,2020_30,1.51,481169,21362.428,16372.2,2020.5,2020.5,30,1097879.246
393,7/27/20,10.2,79.65593822,11093.7171,10380075,27761.12306,13020596,21790.15544,9931,26859.59501,6501489,12112.07646,824942,18951.15949,2010132,2020_30,1.52,481169,21362.428,16372.2,2020.5,2020.5,30,1104546.422
394,7/28/20,10.2,58.92936276,10484.12882,10605707,25603.57061,11105092,23804.89125,9803,30653.26004,7301392,11925.08131,917554,17741.15465,1090075,2020_31,1.51,481169,21362.428,16372.2,2020.5,2020.5,31,1083466.323
395,7/29/20,10.2,62.04425682,10779.77416,9072524,25438.11289,13876688,24638.07804,11407,28123.53194,6757194,12116.21985,1117020,16622.94671,1124813,2020_31,1.53,481169,21362.428,16372.2,2020.5,2020.5,31,1092264.707
396,7/30/20,10.2,82.229628,10827.33731,8372108,25721.63737,11197421,23480.0355,10657,25038.46042,6096455,11748.46047,839690,18808.6612,1366312,2020_31,1.52,481169,21362.428,16372.2,2020.5,2020.5,31,1074794.326
397,7/31/20,10.2,76.9092976,10751.07097,12856816,25180.20192,11539678,24345.18416,10221,29889.78313,7305086,11806.02752,858788,17905.60602,1063559,2020_31,1.55,481169,21362.428,16372.2,2020.5,2020.5,31,1065458.202
398,8/1/20,8.4,65.92579197,10817.62541,11184981,26064.92011,11458786,22971.95044,9625,21902.61317,5330167,11849.87668,855331,19300.8389,1317654,2020_31,1.55,482391,21362.428,15739.2,2020.583333,2020.5,31,1106707.664
399,8/2/20,8.4,79.57844665,11396.68048,12119843,24730.60048,13241820,20267.35493,8946,30479.33182,7345996,12099.0324,954253,20658.72633,1191008,2020_31,1.55,482391,21362.428,15739.2,2020.583333,2020.5,31,1091018.857
400,8/3/20,8.4,88.25823727,11289.72552,10597043,23678.39586,11568964,25264.60036,11350,30473.03259,7208398,11943.22798,1166829,19398.30141,1003489,2020_31,1.58,482391,21362.428,15739.2,2020.583333,2020.5,31,1089886.051
401,8/4/20,8.4,86.33639831,11018.23543,10431023,23486.56372,11659816,23141.4439,10013,25875.07135,6117059,11886.81808,887493,23137.6812,1309904,2020_32,1.57,482391,21362.428,15739.2,2020.583333,2020.5,32,1071436.345
402,8/5/20,8.4,88.82381131,11015.96523,10497156,24037.72727,11502208,23075.87749,9492,19673.52106,4665835,12241.56067,1181215,20647.12717,1112460,2020_32,1.61,482391,21362.428,15739.2,2020.583333,2020.5,32,1069284.36
403,8/6/20,8.4,75.00836233,10991.04744,10210267,23642.61072,11374693,18421.36619,8548,29520.77953,7009570,11764.72883,1099067,19312.18582,1157673,2020_32,1.63,482391,21362.428,15739.2,2020.583333,2020.5,32,1082872.102
404,8/7/20,8.4,63.99444169,11199.09292,11103113,23775.07532,12257690,21017.20622,10264,22742.33769,5588207,12152.92866,1353449,20410.21817,1247390,2020_32,1.61,482391,21362.428,15739.2,2020.583333,2020.5,32,1091914.303
405,8/8/20,8.4,86.24644038,10720.62999,9236200,26020.09074,12051146,23499.89273,10138,29282.36715,7249289,11993.9427,877388,18868.83372,922957,2020_32,1.61,482391,21362.428,15739.2,2020.583333,2020.5,32,1102860.955
406,8/9/20,8.4,67.00389034,11162.18478,8907763,27297.4787,12610032,20868.31625,8321,32456.67154,7954632,11860.13014,1103279,24033.06409,1884526,2020_32,1.61,482391,21362.428,15739.2,2020.583333,2020.5,32,1090371.9
407,8/10/20,8.4,75.93617066,11023.85346,11621397,23575.41964,11668347,21562.57012,9669,0,0,0,0,21711.34625,1334853,2020_32,1.61,482391,21362.428,15739.2,2020.583333,2020.5,32,1088200.086
408,8/11/20,8.4,63.32496817,11284.47577,9083872,23584.34051,10541630,21552.16591,10090,0,0,0,0,20946.76951,1226836,2020_33,1.63,482391,21362.428,15739.2,2020.583333,2020.5,33,1059950.854
409,8/12/20,8.4,70.4007381,11544.18927,10276626,21331.61101,9837024,20074.97165,9037,0,0,0,0,20459.1324,935524,2020_33,1.67,482391,21362.428,15739.2,2020.583333,2020.5,33,1067542.575
410,8/13/20,8.4,79.75286935,11390.94622,9846296,24399.36615,11125054,23719.22634,10267,0,0,0,0,19767.06576,1241000,2020_33,1.67,482391,21362.428,15739.2,2020.583333,2020.5,33,1102615.653
411,8/14/20,8.4,77.36816919,11474.73504,11142532,24329.96223,10422895,24676.25191,10724,0,0,0,0,20352.82096,1007157,2020_33,1.65,482391,21362.428,15739.2,2020.583333,2020.5,33,1065921.625
412,8/15/20,8.4,59.6241641,11317.61638,10644892,23724.63087,11624932,24114.74887,10516,0,0,0,0,18404.04715,1130751,2020_33,1.65,482391,21362.428,15739.2,2020.583333,2020.5,33,1073211.044
413,8/16/20,8.4,72.90432599,11027.49597,9083021,23990.21247,11811514,22879.00297,10724,0,0,0,0,23077.72315,1274191,2020_33,1.65,482391,21362.428,15739.2,2020.583333,2020.5,33,1091529.328
414,8/17/20,8.4,55.22449817,10254.72294,9798384,29660.4023,13739494,20871.60729,9021,0,0,0,0,23205.95334,1558103,2020_33,1.66,482391,21362.428,15739.2,2020.583333,2020.5,33,1106194.664
415,8/18/20,8.4,71.64925167,11945.41686,11151027,26019.91258,13160634,22214.67379,10128,0,0,0,0,20540.03624,1268699,2020_34,1.68,482391,21362.428,15739.2,2020.583333,2020.5,34,1090068.42
416,8/19/20,8.4,79.64938296,11054.18071,9554675,23357.12036,11332736,20526.50356,9277,0,0,0,0,19857.76045,1468033,2020_34,1.67,482391,21362.428,15739.2,2020.583333,2020.5,34,1071170.158
417,8/20/20,8.4,74.63869841,10987.70899,10882125,24730.02481,12933781,23391.04772,9778,0,0,0,0,18766.20773,878835,2020_34,1.62,482391,21362.428,15739.2,2020.583333,2020.5,34,1093579.592
418,8/21/20,8.4,73.45421357,10496.93091,10520862,26986.4028,13331891,22786.63339,10110,0,0,0,0,24012.92279,2260404,2020_34,1.64,482391,21362.428,15739.2,2020.583333,2020.5,34,1094422.618
419,8/22/20,8.4,59.54373663,11105.33147,10244968,23415.76191,10978292,23699.85937,10670,0,0,0,0,22624.36239,1696045,2020_34,1.64,482391,21362.428,15739.2,2020.583333,2020.5,34,1089334.23
420,8/23/20,8.4,69.78807746,10839.34795,9084509,22047.81748,10489407,22723.03419,10239,0,0,0,0,17023.64874,925166,2020_34,1.64,482391,21362.428,15739.2,2020.583333,2020.5,34,1062693.646
421,8/24/20,8.4,57.90695869,10750.88982,11233409,25375.44081,12200648,23300.54096,10410,27573.45235,6688992,11762.56311,841498,20977.38711,1444609,2020_34,1.67,482391,21362.428,15739.2,2020.583333,2020.5,34,1126377.396
422,8/25/20,8.4,52.65822663,10796.3748,10744633,23054.36865,12022577,21793.39721,9216,33387.55798,7929391,12132.45366,1540482,21721.86085,1178710,2020_35,1.7,482391,21362.428,15739.2,2020.583333,2020.5,35,1087254.072
423,8/26/20,8.4,56.42972093,11068.91307,9104807,26090.80313,10864015,17773.36252,7328,29034.08756,7145142,11801.69933,929667,20983.48573,1747763,2020_35,1.72,482391,21362.428,15739.2,2020.583333,2020.5,35,1100088.615
424,8/27/20,8.4,57.79444797,10747.78855,10651939,27659.16626,14035906,22450.56794,10269,29510.54686,7325663,12172.87883,872694,19979.17132,1044282,2020_35,1.73,482391,21362.428,15739.2,2020.583333,2020.5,35,1102605.524
425,8/28/20,8.4,67.30029824,11311.73633,11734681,25728.8263,13725618,23906.69785,11443,22653.89246,5600458,12369.77741,888424,19528.02651,1321154,2020_35,1.77,482391,21362.428,15739.2,2020.583333,2020.5,35,1097512.479
426,8/29/20,8.4,63.24896049,10977.24978,10574989,23520.79445,11053970,22268.81372,9785,29608.1896,7059238,11540.46241,964717,18779.93784,1181699,2020_35,1.77,482391,21362.428,15739.2,2020.583333,2020.5,35,1118826.6
427,8/30/20,8.4,69.64048964,10718.61747,10988760,24515.26901,11783427,23393.7609,10756,32667.14855,7820183,12254.09915,972675,20671.64985,1683870,2020_35,1.77,482391,21362.428,15739.2,2020.583333,2020.5,35,1114353.573
428,8/31/20,8.4,44.90945839,11474.99154,8827368,23417.78585,11216457,24369.64027,11047,27426.7282,6642466,11858.64975,776975,17256.64062,962595,2020_35,1.8,482391,21362.428,15739.2,2020.583333,2020.5,35,1089683.195
429,9/1/20,7.9,65.31599611,11139.40396,9915901,25479.14487,14220666,24601.77443,11621,25044.47091,6119813,12114.77259,1069691,20903.93427,1540662,2020_36,1.76,492700,21362.428,15799.7,2020.666667,2020.5,36,1084867.264
430,9/2/20,7.9,54.660126,11918.23242,11190944,23896.54652,10218507,19622.48015,8887,27932.09285,6940237,11755.83479,769741,18344.83148,1298860,2020_36,1.73,492700,21362.428,15799.7,2020.666667,2020.5,36,1093669.275
431,9/3/20,7.9,66.04364621,11028.45579,8821040,28886.32758,14715415,23963.93061,11142,25765.97773,6199052,11948.4654,942912,20965.74623,1345973,2020_36,1.65,492700,21362.428,15799.7,2020.666667,2020.5,36,1112144.395
432,9/4/20,7.9,58.51232786,10772.65587,10416209,23940.71035,11850337,23733.67571,10512,19040.69074,4615856,11789.12563,926437,24062.35026,2135983,2020_36,1.7,492700,21362.428,15799.7,2020.666667,2020.5,36,1123861.437
433,9/5/20,7.9,69.94849677,11209.49456,8860264,22822.27627,11823158,21472.35505,10142,27391.99651,6658745,12000.42462,874403,18528.11974,972374,2020_36,1.7,492700,21362.428,15799.7,2020.666667,2020.5,36,1085870.254
434,9/6/20,7.9,70.35508742,11196.79579,11352208,28330.1379,15752273,21537.88103,10387,32688.73531,7780810,11885.73599,960541,18338.34065,979099,2020_36,1.7,492700,21362.428,15799.7,2020.666667,2020.5,36,1095024.402
435,9/7/20,7.9,52.28669905,10429.66899,10548672,24444.19718,10980786,22188.50608,9709,0,0,12122.32127,1517206,17084.97241,871013,2020_36,1.7,492700,21362.428,15799.7,2020.666667,2020.5,36,1083365.022
436,9/8/20,7.9,65.88023492,11025.84145,11880429,21031.84441,9508320,24698.68198,11482,0,0,11997.07682,894992,18194.69034,1222702,2020_37,1.68,492700,21362.428,15799.7,2020.666667,2020.5,37,1106141.149
437,9/9/20,7.9,48.08190297,11076.61529,9014623,22652.15208,11812501,20166.57147,8392,0,0,12083.93665,800095,22736.79361,1494487,2020_37,1.71,492700,21362.428,15799.7,2020.666667,2020.5,37,1065666.544
438,9/10/20,7.9,72.32024803,10451.34912,10820464,24672.40335,13347165,22287.69825,9261,0,0,12347.90785,1180750,17114.0189,1084077,2020_37,1.69,492700,21362.428,15799.7,2020.666667,2020.5,37,1085745.655
439,9/11/20,7.9,51.93960111,10459.49108,9002228,27073.20687,12279776,24386.15533,11068,0,0,12173.9797,948984,21327.10474,1408021,2020_37,1.65,492700,21362.428,15799.7,2020.666667,2020.5,37,1084450.417
440,9/12/20,7.9,64.91086035,10894.35134,8734800,24553.25185,11279283,24101.78332,10859,0,0,12172.34236,816703,21193.48692,986740,2020_37,1.65,492700,21362.428,15799.7,2020.666667,2020.5,37,1090829.445
441,9/13/20,7.9,67.33836157,11302.35668,11336046,26101.29977,12484033,22328.36027,10269,0,0,12084.69332,994426,23523.09302,1297853,2020_37,1.65,492700,21362.428,15799.7,2020.666667,2020.5,37,1098280.085
442,9/14/20,7.9,55.45219106,11071.05476,11064201,24503.80946,13162958,23729.20663,10743,0,0,11832.36244,1088189,23600.71046,1442292,2020_37,1.65,492700,21362.428,15799.7,2020.666667,2020.5,37,1102949.681
443,9/15/20,7.9,67.19631641,10968.72891,9902789,28067.37885,13480628,23600.24996,10058,0,0,12180.24038,926912,16951.55769,925926,2020_38,1.67,492700,21362.428,15799.7,2020.666667,2020.5,38,1092345.867
444,9/16/20,7.9,64.40562845,11202.52897,11091509,21487.36456,10347655,27521.29184,11300,0,0,12147.21345,898383,18928.68081,1212765,2020_38,1.68,492700,21362.428,15799.7,2020.666667,2020.5,38,1095386.592
445,9/17/20,7.9,55.38241546,10260.91992,9905378,23120.95735,10867460,22314.51023,10052,0,0,12001.21974,1064026,18874.51297,1175977,2020_38,1.66,492700,21362.428,15799.7,2020.666667,2020.5,38,1105664.607
446,9/18/20,7.9,57.74705591,11143.42438,9847394,24597.07716,12406577,24672.37765,11377,0,0,11514.1256,735089,24035.9265,1709759,2020_38,1.67,492700,21362.428,15799.7,2020.666667,2020.5,38,1080034.455
447,9/19/20,7.9,82.15055843,10779.82286,9629717,26528.41759,14008788,24640.26433,10892,0,0,12204.53149,1025163,18174.81763,1181460,2020_38,1.67,492700,21362.428,15799.7,2020.666667,2020.5,38,1091161.555
448,9/20/20,7.9,81.4818215,10646.1741,8314582,23571.95751,11681398,22976.8137,10398,0,0,11738.34502,881095,22626.65508,1699555,2020_38,1.67,492700,21362.428,15799.7,2020.666667,2020.5,38,1101464.957
449,9/21/20,7.9,70.86478016,10826.16374,8802027,20709.40196,10692489,23218.00103,10744,30054.0462,7235620,0,0,17286.49921,906148,2020_38,1.62,492700,21362.428,15799.7,2020.666667,2020.5,38,1085665.095
450,9/22/20,7.9,85.87867417,10381.59113,11216324,23519.44972,10811516,26693.59526,12870,31583.89121,7694591,0,0,22434.88673,1293574,2020_39,1.62,492700,21362.428,15799.7,2020.666667,2020.5,39,1090515.53
451,9/23/20,7.9,74.09009361,11056.73926,9144571,27973.07214,13853756,22227.54793,9364,25786.13944,6227991,0,0,0,0,2020_39,1.6,492700,21362.428,15799.7,2020.666667,2020.5,39,1088627.833
452,9/24/20,7.9,74.54825328,10868.06418,10179912,24676.9897,13071400,22086.85328,10200,27748.51695,6788985,0,0,0,0,2020_39,1.58,492700,21362.428,15799.7,2020.666667,2020.5,39,1097696.166
453,9/25/20,7.9,80.05869115,10771.9297,10984159,26430.5529,12939368,22347.29518,9842,27565.49511,6841451,0,0,0,0,2020_39,1.58,492700,21362.428,15799.7,2020.666667,2020.5,39,1092162.439
454,9/26/20,7.9,66.46270571,11079.97517,9684756,22539.63476,10219673,23885.58539,10350,24219.38892,5779555,0,0,0,0,2020_39,1.58,492700,21362.428,15799.7,2020.666667,2020.5,39,1059888.469
455,9/27/20,7.9,64.66155856,11648.25483,10747700,26539.51792,12836747,22504.02752,9634,26832.6983,6382097,0,0,0,0,2020_39,1.58,492700,21362.428,15799.7,2020.666667,2020.5,39,1087446.641
456,9/28/20,7.9,86.07929521,11767.03259,12476823,23351.91153,12147784,27560.61344,11803,32484.00509,7763118,0,0,0,0,2020_39,1.61,492700,21362.428,15799.7,2020.666667,2020.5,39,1084267.233
457,9/29/20,7.9,68.48921588,11313.55961,10184173,28340.27903,14322775,21996.6054,10209,27906.10524,7072300,0,0,0,0,2020_40,1.64,492700,21362.428,15799.7,2020.666667,2020.5,40,1085848.426
458,9/30/20,7.9,76.99727071,11613.31234,9839355,25010.39965,10657765,23625.85157,10915,24796.89022,5948905,0,0,0,0,2020_40,1.63,492700,21362.428,15799.7,2020.666667,2020.5,40,1067223.002
459,10/1/20,6.9,84.76509172,11438.3216,10905601,24287.58226,10886583,24270.69064,10310,22840.20634,5430954,0,0,0,0,2020_40,1.63,490826,21704.706,15729.1,2020.75,2020.75,40,1079827.943
460,10/2/20,6.9,70.17675045,10721.57784,8136691,28777.364,15339818,19081.12429,8669,29927.52164,7288539,0,0,0,0,2020_40,1.64,490826,21704.706,15729.1,2020.75,2020.75,40,1097635.728
461,10/3/20,6.9,86.99003803,11550.07459,12790857,29774.64556,15333259,23070.68637,10325,31251.55722,7566070,0,0,0,0,2020_40,1.64,490826,21704.706,15729.1,2020.75,2020.75,40,1105504.575
462,10/4/20,6.9,83.1837281,10051.27615,8394031,24816.6853,11828835,20362.25894,8714,24812.64462,6118173,0,0,0,0,2020_40,1.64,490826,21704.706,15729.1,2020.75,2020.75,40,1067826.024
463,10/5/20,6.9,79.02721552,10909.69611,11749692,27271.79133,13620206,19346.79295,8524,0,0,11805.71944,1087485,0,0,2020_40,1.68,490826,21704.706,15729.1,2020.75,2020.75,40,1070345.784
464,10/6/20,6.9,63.15984746,11057.66527,8759819,23726.96684,11731283,24526.58479,11267,0,0,11895.108,1060772,0,0,2020_41,1.66,490826,21704.706,15729.1,2020.75,2020.75,41,1066911.153
465,10/7/20,6.9,77.36576546,11099.84184,10018950,24677.18076,12715906,24602.57817,10603,0,0,11849.60509,1963465,0,0,2020_41,1.71,490826,21704.706,15729.1,2020.75,2020.75,41,1102261.064
466,10/8/20,6.9,79.16128222,10909.35679,10261982,22123.91331,9064974,23857.52883,9502,0,0,11780.99983,910396,0,0,2020_41,1.72,490826,21704.706,15729.1,2020.75,2020.75,41,1075701.771
467,10/9/20,6.9,54.71502129,10790.67493,10626147,26094.95793,13829619,24821.05755,10825,0,0,12100.02828,1155055,0,0,2020_41,1.73,490826,21704.706,15729.1,2020.75,2020.75,41,1090094.676
468,10/10/20,6.9,57.87993818,11052.21206,11437255,25731.10245,12402561,22282.37193,9981,0,0,11839.7734,971792,0,0,2020_41,1.73,490826,21704.706,15729.1,2020.75,2020.75,41,1075044.38
469,10/11/20,6.9,74.98507293,11105.83088,8668817,24480.12658,11460351,22536.55867,10309,0,0,12023.26628,870637,0,0,2020_41,1.73,490826,21704.706,15729.1,2020.75,2020.75,41,1075328.579
470,10/12/20,6.9,68.15044892,11139.04412,9571943,21743.36772,11244409,20095.88522,9697,0,0,12083.7157,838855,0,0,2020_41,1.73,490826,21704.706,15729.1,2020.75,2020.75,41,1057643.892
471,10/13/20,6.9,73.06645254,11120.74274,10302927,24312.57102,12158092,24943.82211,10829,0,0,11975.32116,714317,0,0,2020_42,1.7,490826,21704.706,15729.1,2020.75,2020.75,42,1098740.666
472,10/14/20,6.9,70.39250938,11469.21322,8931509,26463.25345,10892519,19323.06795,9039,0,0,11917.27718,876483,0,0,2020_42,1.69,490826,21704.706,15729.1,2020.75,2020.75,42,1076296.375
473,10/15/20,6.9,56.68068901,10559.61533,8388147,23330.24398,11832652,24613.72134,10552,0,0,12343.65287,1154203,0,0,2020_42,1.69,490826,21704.706,15729.1,2020.75,2020.75,42,1073242.035
474,10/16/20,6.9,48.13395394,11014.92124,8349475,28418.94526,14578685,24849.53017,12368,0,0,12028.55699,994498,0,0,2020_42,1.71,490826,21704.706,15729.1,2020.75,2020.75,42,1059721.823
475,10/17/20,6.9,60.80132754,10820.91008,9115954,23182.25092,10638663,23880.9612,10908,0,0,11743.78711,837331,0,0,2020_42,1.71,490826,21704.706,15729.1,2020.75,2020.75,42,1074874.898
476,10/18/20,6.9,62.27172287,11792.90195,10123861,28489.42808,14087836,21929.46736,9707,0,0,12085.75361,964384,0,0,2020_42,1.71,490826,21704.706,15729.1,2020.75,2020.75,42,1078637.529
477,10/19/20,6.9,66.30672148,11259.3683,10741672,24623.34369,10691276,25694.8617,11342,27258.09106,6572699,11529.54635,825040,0,0,2020_42,1.71,490826,21704.706,15729.1,2020.75,2020.75,42,1086861.362
478,10/20/20,6.9,55.51377445,10781.41825,10697642,26845.80297,12296710,23225.64061,9638,31273.68396,7676615,11872.26551,841740,0,0,2020_43,1.72,490826,21704.706,15729.1,2020.75,2020.75,43,1076855.747
479,10/21/20,6.9,69.92617916,10881.17128,9264333,27629.92642,13091121,25398.14424,11564,27804.47758,6810983,11982.60055,1062944,0,0,2020_43,1.74,490826,21704.706,15729.1,2020.75,2020.75,43,1085036.168
480,10/22/20,6.9,63.12379275,10689.65044,8913684,24359.85629,11112174,21549.14924,9152,20731.28918,5101175,11876.57732,1040209,0,0,2020_43,1.76,490826,21704.706,15729.1,2020.75,2020.75,43,1063079.859
481,10/23/20,6.9,45.74389959,10605.28651,8858957,24520.11717,10763489,23022.49686,9192,23666.34758,5619162,11951.11008,1015427,22115.48518,1759412,2020_43,1.75,490826,21704.706,15729.1,2020.75,2020.75,43,1074179.574
482,10/24/20,6.9,48.06651255,11667.23174,10497033,25571.48255,12484054,22996.85618,10252,34578.98981,8473321,11990.1184,1285729,17267.87005,1104192,2020_43,1.75,490826,21704.706,15729.1,2020.75,2020.75,43,1092693.583
483,10/25/20,6.9,65.97866318,11432.2787,11222407,26669.14363,13275436,22417.42281,10555,25452.74092,6322514,11428.66142,1066283,22774.21463,1481575,2020_43,1.75,490826,21704.706,15729.1,2020.75,2020.75,43,1084079.696
484,10/26/20,6.9,55.57838248,10578.52905,9203512,23845.9653,11260808,24927.97867,11821,26785.46086,6519846,12008.87833,1248552,20665.61389,1444614,2020_43,1.72,490826,21704.706,15729.1,2020.75,2020.75,43,1097264.451
485,10/27/20,6.9,68.65280041,10830.3486,9924505,23690.39307,11155724,24651.57645,11927,31575.36695,7590165,11754.0322,1050235,20005.59428,1394475,2020_44,1.71,490826,21704.706,15729.1,2020.75,2020.75,44,1102598.207
486,10/28/20,6.9,69.26833469,10709.06976,8725089,26850.08698,11177554,22853.60334,10232,29554.59717,7228788,11792.87719,1053765,21724.23818,1340287,2020_44,1.7,490826,21704.706,15729.1,2020.75,2020.75,44,1075980.112
487,10/29/20,6.9,67.27636028,10815.43904,9622168,26353.12153,11740028,20103.98647,9100,37321.8786,9192089,12095.72818,1010141,21518.06486,1510536,2020_44,1.71,490826,21704.706,15729.1,2020.75,2020.75,44,1076897.707
488,10/30/20,6.9,61.02125027,10770.46315,10535119,29139.84228,13425410,19630.44165,8986,24744.89398,6003929,11764.35265,973138,17973.98801,1264326,2020_44,1.7,490826,21704.706,15729.1,2020.75,2020.75,44,1097396.558
489,10/31/20,6.9,63.30878047,11550.56768,9984600,26677.75939,13832019,25124.75061,11135,23465.77162,5797033,12243.41469,1065610,20338.97926,1374452,2020_44,1.7,490826,21704.706,15729.1,2020.75,2020.75,44,1075920.743
490,11/1/20,6.7,69.34353643,10898.40381,9618248,25834.0721,11759576,23606.81139,11220,28373.3223,6884999,11945.75431,1114120,17310.02982,983444,2020_44,1.7,486833,21704.706,15522.5,2020.833333,2020.75,44,1097590.136
491,11/2/20,6.7,60.48587908,11396.99174,10521323,22792.41122,10505684,24149.72997,10843,0,0,0,0,24013.80166,1958865,2020_44,1.71,486833,21704.706,15522.5,2020.833333,2020.75,44,1102463.421
492,11/3/20,6.7,60.86779597,10852.0998,10690600,25178.23782,10717830,23347.11072,9948,0,0,0,0,21565.09414,1620658,2020_45,1.72,486833,21704.706,15522.5,2020.833333,2020.75,45,1085257.125
493,11/4/20,6.7,66.32902658,10797.332,9676144,26313.24505,13132537,21243.65113,9315,0,0,0,0,18515.36855,1095457,2020_45,1.64,486833,21704.706,15522.5,2020.833333,2020.75,45,1084044.8
494,11/5/20,6.7,55.94358129,11229.08345,9951568,22305.00218,10452966,24032.07239,10774,0,0,0,0,22246.04904,964600,2020_45,1.66,486833,21704.706,15522.5,2020.833333,2020.75,45,1096553.283
495,11/6/20,6.7,75.51275658,11565.61773,10078573,22062.97629,9974854,18718.42183,8524,0,0,0,0,24627.2044,1730665,2020_45,1.65,486833,21704.706,15522.5,2020.833333,2020.75,45,1099290.369
496,11/7/20,6.7,67.97505521,11065.25355,10472283,25065.41353,11644601,23649.79413,10218,0,0,0,0,17880.92435,1014215,2020_45,1.65,486833,21704.706,15522.5,2020.833333,2020.75,45,1089295.97
497,11/8/20,6.7,59.19404868,10473.07383,8404930,27091.417,14323811,17448.34674,7643,0,0,0,0,25070.95464,1796123,2020_45,1.65,486833,21704.706,15522.5,2020.833333,2020.75,45,1093709.189
498,11/9/20,6.7,59.46309901,11253.10077,11840228,28358.44411,13429468,20879.12006,8552,0,0,0,0,20441.06935,1252041,2020_45,1.73,486833,21704.706,15522.5,2020.833333,2020.75,45,1098187.004
499,11/10/20,6.7,60.52862385,11486.3658,10174232,27235.61828,13003723,25119.19374,11349,0,0,0,0,18984.97823,1388409,2020_46,1.76,486833,21704.706,15522.5,2020.833333,2020.75,46,1076270.378
500,11/11/20,6.7,58.53089868,10864.38154,9138998,27332.64196,14186736,25340.48627,11393,0,0,0,0,17132.65847,1218276,2020_46,1.76,486833,21704.706,15522.5,2020.833333,2020.75,46,1106473.67
501,11/12/20,6.7,65.95342971,11482.10029,10421951,26272.45453,12436235,24767.13786,11347,0,0,0,0,17840.12465,1521117,2020_46,1.71,486833,21704.706,15522.5,2020.833333,2020.75,46,1088147.75
502,11/13/20,6.7,84.65833353,10738.61238,10731988,24994.69572,12552718,25594.28063,11617,0,0,0,0,21839.70988,1585364,2020_46,1.72,486833,21704.706,15522.5,2020.833333,2020.75,46,1081786.286
503,11/14/20,6.7,62.86931335,11229.45239,9098108,25550.88183,13009917,22677.98454,10565,0,0,0,0,22153.36926,1767673,2020_46,1.72,486833,21704.706,15522.5,2020.833333,2020.75,46,1086212.048
504,11/15/20,6.7,65.11532676,11001.10624,9328139,23876.11559,11740351,22300.23939,9955,0,0,0,0,19470.38518,1266464,2020_46,1.72,486833,21704.706,15522.5,2020.833333,2020.75,46,1103824.726
505,11/16/20,6.7,62.96144238,10989.96067,8384235,25004.60285,10407371,20667.26194,8783,26554.68888,6525067,11893.0168,959805,22253.60822,1336839,2020_46,1.72,486833,21704.706,15522.5,2020.833333,2020.75,46,1074363.776
506,11/17/20,6.7,62.83469405,11051.09946,10160900,27231.3779,12807637,22056.24404,9333,36031.26615,8613318,12112.08378,954996,20028.80599,1487599,2020_47,1.7,486833,21704.706,15522.5,2020.833333,2020.75,47,1112414.094
507,11/18/20,6.7,87.64567029,10754.23053,10508549,24326.89731,11277314,25433.38278,10859,23740.59628,6061589,12116.70198,1014453,20173.76789,1345528,2020_47,1.7,486833,21704.706,15522.5,2020.833333,2020.75,47,1090877.238
508,11/19/20,6.7,85.48539636,10669.04152,9401617,23655.59749,11698881,22314.20416,9648,21081.79579,5105720,12136.58941,1035372,23801.98174,1711843,2020_47,1.7,486833,21704.706,15522.5,2020.833333,2020.75,47,1086549.686
509,11/20/20,6.7,66.78770349,10742.8508,10197698,23154.03569,12057461,26679.86463,11988,29452.65871,7153617,12523.42035,1013756,17404.095,913554,2020_47,1.69,486833,21704.706,15522.5,2020.833333,2020.75,47,1101866.166
510,11/21/20,6.7,75.32386489,10922.99203,13341972,26842.84259,13040509,19524.81331,8338,31156.50724,7499096,11981.5542,1264546,16391.74158,1137374,2020_47,1.69,486833,21704.706,15522.5,2020.833333,2020.75,47,1123468.685
511,11/22/20,6.7,69.59050433,11394.78978,9224408,26049.70158,13273076,22339.41429,8908,31475.08978,7942162,11733.09855,1020310,20194.22821,1125663,2020_47,1.69,486833,21704.706,15522.5,2020.833333,2020.75,47,1099629.677
512,11/23/20,6.7,68.08647941,10368.88164,10404614,26133.27489,11852483,23842.58443,11041,28098.33494,6810534,12006.44075,874967,22588.77097,1425713,2020_47,1.71,486833,21704.706,15522.5,2020.833333,2020.75,47,1097990.206
513,11/24/20,6.7,63.28058725,10596.91276,11954295,27123.30266,12959570,24977.00204,11109,26460.1954,6463597,11797.72456,1150031,18832.93733,1081930,2020_48,1.74,486833,21704.706,15522.5,2020.833333,2020.75,48,1124401.118
514,11/25/20,6.7,70.88626722,11303.53128,9780158,24424.92494,11423324,24353.49167,10621,23935.43662,5789727,11687.63935,916066,15980.83892,938111,2020_48,1.75,486833,21704.706,15522.5,2020.833333,2020.75,48,1099657.252
515,11/26/20,6.7,77.42386194,10112.67065,8773582,25408.95338,10757596,23185.39146,10289,29416.72031,7114203,12792.68471,918756,23445.80936,1287379,2020_48,1.75,486833,21704.706,15522.5,2020.833333,2020.75,48,1075355.858
516,11/27/20,6.7,66.30643935,10882.89246,10273610,24483.18412,11061705,24087.47685,10402,34210.99108,8238418,11892.03913,861687,19596.36417,1355961,2020_48,1.75,486833,21704.706,15522.5,2020.833333,2020.75,48,1101990.978
517,11/28/20,6.7,75.47523455,10640.05991,8958291,28179.80464,13515449,24066.76287,10757,29418.60764,7093347,12309.28886,1190715,18075.75378,1359502,2020_48,1.75,486833,21704.706,15522.5,2020.833333,2020.75,48,1094009.313
518,11/29/20,6.7,78.23496319,11519.27848,10962498,29048.78662,15873694,26421.78973,11498,21205.7867,5052420,11863.39031,914350,23218.37677,1243055,2020_48,1.75,486833,21704.706,15522.5,2020.833333,2020.75,48,1119365.333
519,11/30/20,6.7,78.23400091,11194.03685,10232076,28010.99146,13745342,20724.106,8923,0,0,11751.24217,775332,16331.90826,1321084,2020_48,1.77,486833,21704.706,15522.5,2020.833333,2020.75,48,1108635.704
520,12/1/20,6.7,73.78297866,10799.7206,8647725,26500.5809,10913792,24902.74226,11207,0,0,12098.40148,1203599,18236.22759,915240,2020_49,1.81,488876,21704.706,15536.5,2020.916667,2020.75,49,1083161.643
521,12/2/20,6.7,60.12878315,10929.72027,10704846,27790.08232,14410176,23731.47015,10477,0,0,11937.33013,1126385,19869.64497,1689111,2020_49,1.85,488876,21704.706,15536.5,2020.916667,2020.75,49,1096731.637
522,12/3/20,6.7,51.09775431,10417.19846,10695757,27213.35552,12158194,26150.00887,10877,0,0,12195.73692,953376,21874.06639,1283510,2020_49,1.86,488876,21704.706,15536.5,2020.916667,2020.75,49,1115911.415
523,12/4/20,6.7,73.75114697,9982.702328,8706063,24543.65809,11228122,21604.44034,9920,0,0,12300.92006,825003,19091.8182,924630,2020_49,1.89,488876,21704.706,15536.5,2020.916667,2020.75,49,1096598.942
524,12/5/20,6.7,65.50627185,11490.18122,9712336,28231.3481,13685223,22548.59645,9693,0,0,12302.24615,1101351,24489.29926,1487837,2020_49,1.89,488876,21704.706,15536.5,2020.916667,2020.75,49,1095608.006
525,12/6/20,6.7,62.11271772,10495.88877,8489683,24737.85814,11859151,23435.0694,11325,0,0,11975.31669,1085004,21089.32829,1228857,2020_49,1.89,488876,21704.706,15536.5,2020.916667,2020.75,49,1088650.778
526,12/7/20,6.7,67.07058681,10827.88818,10856017,25254.43646,11387337,25770.32483,11587,0,0,11866.33741,941459,16638.96507,859288,2020_49,1.88,488876,21704.706,15536.5,2020.916667,2020.75,49,1105103.048
527,12/8/20,6.7,47.44493978,11013.84613,11577494,28330.93213,13588047,21080.90236,9155,0,0,12020.05899,1336810,20648.74145,1186674,2020_50,1.89,488876,21704.706,15536.5,2020.916667,2020.75,50,1096697.355
528,12/9/20,6.7,64.90262497,10850.40302,10408576,27584.98314,11305489,23719.34181,10720,0,0,12109.71587,775777,19454.32539,1299464,2020_50,1.91,488876,21704.706,15536.5,2020.916667,2020.75,50,1106659.807
529,12/10/20,6.7,67.80675611,11163.26634,9863831,24191.5189,11787202,23908.83827,10597,0,0,11753.23546,1113248,19976.98676,1207628,2020_50,1.88,488876,21704.706,15536.5,2020.916667,2020.75,50,1079505.525
530,12/11/20,6.7,42.98458992,10814.54377,9498813,27173.95246,11722692,21627.31686,9695,0,0,11961.83287,1220316,22318.1656,1433390,2020_50,1.87,488876,21704.706,15536.5,2020.916667,2020.75,50,1080505.119
531,12/12/20,6.7,68.55122145,11097.55282,10775559,23958.43431,11460075,22376.23367,10079,0,0,12200.8399,1158691,18923.97433,1310941,2020_50,1.87,488876,21704.706,15536.5,2020.916667,2020.75,50,1110062.15
532,12/13/20,6.7,53.51249415,10368.95554,9700078,23669.04032,10993533,22373.93112,9572,0,0,11639.62866,972398,18307.21561,1159102,2020_50,1.87,488876,21704.706,15536.5,2020.916667,2020.75,50,1102942.917
533,12/14/20,6.7,64.09070435,11307.09516,8985167,23315.44439,11542332,23167.33688,10203,32381.97836,7735196,0,0,19842.63439,1308469,2020_50,1.88,488876,21704.706,15536.5,2020.916667,2020.75,50,1096978.524
534,12/15/20,6.7,69.37037389,11122.5,9956579,24733.39251,11845959,24422.05845,11308,26562.16671,6381615,0,0,20199.08488,1201026,2020_51,1.91,488876,21704.706,15536.5,2020.916667,2020.75,51,1111826.929
535,12/16/20,6.7,51.55265232,11049.31663,9998214,23789.70537,10921055,20764.18494,9396,28379.19423,6760465,0,0,22518.38574,1573128,2020_51,1.92,488876,21704.706,15536.5,2020.916667,2020.75,51,1084745.243
536,12/17/20,6.7,64.58048483,11756.52584,12414326,29164.68617,14236163,21360.33856,10246,24965.05949,6132552,0,0,19605.85776,1088328,2020_51,1.94,488876,21704.706,15536.5,2020.916667,2020.75,51,1109443.169
537,12/18/20,6.7,45.49949503,10507.17831,9730205,20815.10979,10526072,23408.23509,10929,35757.07799,8755152,0,0,21299.92795,1232085,2020_51,1.95,488876,21704.706,15536.5,2020.916667,2020.75,51,1103919.207
538,12/19/20,6.7,44.81105161,11473.4495,12700376,24009.84478,11782849,23893.77932,10049,31297.62344,7752252,0,0,22144.388,1464694,2020_51,1.95,488876,21704.706,15536.5,2020.916667,2020.75,51,1085182.238
539,12/20/20,6.7,58.71821365,11097.04043,10454851,22845.1656,9507640,22819.49692,10686,23699.31766,5733096,0,0,24462.0024,1270636,2020_51,1.95,488876,21704.706,15536.5,2020.916667,2020.75,51,1095101.394
540,12/21/20,6.7,46.47135343,10878.73123,9937963,25141.8842,11795354,19221.68899,8335,29858.90371,7423910,0,0,18426.14851,992020,2020_51,1.95,488876,21704.706,15536.5,2020.916667,2020.75,51,1073648.671
541,12/22/20,6.7,48.54728075,10375.88996,8997567,22651.00879,11741277,22109.48098,9238,30251.33604,7425382,0,0,20628.32004,1755351,2020_52,1.94,488876,21704.706,15536.5,2020.916667,2020.75,52,1078829.783
542,12/23/20,6.7,66.33452033,10607.60725,8701812,23775.04888,11630781,23840.19537,10477,28090.31285,6851291,0,0,18965.4955,971417,2020_52,1.97,488876,21704.706,15536.5,2020.916667,2020.75,52,1105384.791
543,12/24/20,6.7,49.12044413,11233.493,10423093,24449.02508,10920967,22954.14585,10567,24407.5197,6016325,0,0,18151.27229,1249057,2020_52,1.97,488876,21704.706,15536.5,2020.916667,2020.75,52,1114114.186
544,12/25/20,6.7,61.3501887,10945.7849,11817598,24541.62931,11208798,22893.96773,10609,35906.0908,8722707,0,0,24428.59723,1708204,2020_52,1.97,488876,21704.706,15536.5,2020.916667,2020.75,52,1111206.754
545,12/26/20,6.7,71.72418924,10804.02262,8929574,26315.78673,13315967,22404.41332,9690,20041.86247,4838017,0,0,19964.04206,1156779,2020_52,1.97,488876,21704.706,15536.5,2020.916667,2020.75,52,1100973.182
546,12/27/20,6.7,74.95591983,11118.50079,9820811,26302.847,11777132,19344.46391,9074,32881.27211,7831931,0,0,19261.12619,1797261,2020_52,1.97,488876,21704.706,15536.5,2020.916667,2020.75,52,1092285.601
547,12/28/20,6.7,63.58107616,10754.45553,7896819,22205.49068,9342827,22744.64272,11003,0,0,12387.77698,1072081,20017.99051,1150843,2020_52,1.97,488876,21704.706,15536.5,2020.916667,2020.75,52,1065783.438
548,12/29/20,6.7,71.30147652,11003.76683,10418862,26433.61357,12331226,26885.94243,12056,0,0,11903.35608,814942,20022.19244,1321873,2020_53,1.96,488876,21704.706,15536.5,2020.916667,2020.75,53,1073168.132
549,12/30/20,6.7,64.88928812,10654.27283,8867507,24589.38985,10603359,21709.03866,10984,0,0,12174.16288,1114458,20451.15338,1282978,2020_53,1.96,488876,21704.706,15536.5,2020.916667,2020.75,53,1084223.084
550,12/31/20,6.7,71.25013985,10719.27099,9285807,21719.90564,10358171,24251.43564,11815,0,0,11644.59193,958190,19736.02493,1061416,2020_53,1.99,488876,21704.706,15536.5,2020.916667,2020.75,53,1094465.129
551,1/1/21,6.4,64.67994626,10968.24625,11231085,25834.59426,11646759,23264.22646,10492,0,0,11945.82444,1033969,20747.26624,1832755,2021_1,1.99,513269,22313.85,17099.2,2021,2021,1,1111025.437
552,1/2/21,6.4,74.41448584,11046.65981,9748968,22983.91461,11207434,25512.02396,11537,0,0,11737.57208,990734,16877.05296,1045117,2021_1,1.99,513269,22313.85,17099.2,2021,2021,1,1102606.471
553,1/3/21,6.4,84.61993373,10719.20818,10524863,23020.74609,9221007,25646.28671,12174,0,0,12272.05425,1009950,21991.74213,1165715,2021_1,1.99,513269,22313.85,17099.2,2021,2021,1,1092974.477
554,1/4/21,6.4,75.88097266,11043.96342,9449419,26731.82814,12677601,24304.67261,11508,0,0,11753.64442,986674,20105.88624,1037617,2021_1,2.01,513269,22313.85,17099.2,2021,2021,1,1088424.474
555,1/5/21,6.4,62.27311297,11077.2331,9434416,24875.70183,10965947,19329.12433,9041,0,0,12127.91191,950690,21726.34313,1593319,2021_1,2.03,513269,22313.85,17099.2,2021,2021,1,1105659.674
556,1/6/21,6.4,64.08317589,10974.90221,10659263,23258.19989,10818647,26446.67089,11410,0,0,12023.95122,1272701,20599.45601,1109200,2021_1,2.06,513269,22313.85,17099.2,2021,2021,1,1085845.389
557,1/7/21,6.4,70.81570155,11470.21792,10620514,21160.63528,9439521,23309.82853,10363,0,0,11784.74619,1055864,19690.89753,1023279,2021_2,2.09,513269,22313.85,17099.2,2021,2021,2,1107534.016
558,1/8/21,6.4,89.61691209,11656.27181,12304665,24922.57639,10503233,23140.81007,10724,0,0,11833.11673,890417,23450.41009,1395285,2021_2,2.06,513269,22313.85,17099.2,2021,2021,2,1155884.376
559,1/9/21,6.4,81.99636748,10698.84683,8727360,23783.89302,11999427,26732.13951,11115,0,0,12229.99195,940924,18180.17826,1187751,2021_2,2.06,513269,22313.85,17099.2,2021,2021,2,1111867.496
560,1/10/21,6.4,64.17386574,11143.90539,10327883,24468.14856,12881907,24472.58437,12006,0,0,11984.13594,780200,16817.35894,1138348,2021_2,2.06,513269,22313.85,17099.2,2021,2021,2,1102496.092
561,1/11/21,6.4,78.98396988,10863.87447,9705222,26167.55255,11861479,26936.00056,12527,28072.33746,6649348,11693.3711,817504,20339.94983,1629392,2021_2,2.06,513269,22313.85,17099.2,2021,2021,2,1125514.451
562,1/12/21,6.4,75.27721673,11254.60609,9682096,25727.08332,12530471,19194.3875,8297,29367.47973,7390764,12435.73675,1212319,20411.6787,1367942,2021_2,2.08,513269,22313.85,17099.2,2021,2021,2,1110572.849
563,1/13/21,6.4,68.54426716,11108.32199,10952704,26682.53861,11892783,24635.2483,10866,21962.04306,5281491,11818.66905,948741,21282.7143,1608871,2021_2,2.06,513269,22313.85,17099.2,2021,2021,2,1122257.777
564,1/14/21,6.4,68.62824965,10321.35118,9635778,23614.93028,11017509,22671.02396,10947,23782.55762,5846791,12379.61871,991452,24523.80917,1448731,2021_3,2.09,513269,22313.85,17099.2,2021,2021,3,1110064.438
565,1/15/21,6.4,73.01787562,11137.83659,9692095,19932.4898,8636876,21366.13442,10489,29151.88195,7017429,12290.67033,693374,22403.5517,1387942,2021_3,2.1,513269,22313.85,17099.2,2021,2021,3,1099971.413
566,1/16/21,6.4,85.88090369,11212.21478,10378467,22960.0267,11667967,23637.84447,11646,26323.70487,6197439,11792.2615,1260568,18717.09869,1298041,2021_3,2.1,513269,22313.85,17099.2,2021,2021,3,1118140.691
567,1/17/21,6.4,69.82470244,11440.54531,10225740,21748.90676,9173882,25989.4783,11195,25486.27705,6094869,12132.30139,1089442,21220.74136,1472721,2021_3,2.1,513269,22313.85,17099.2,2021,2021,3,1082158.177
568,1/18/21,6.4,80.58715547,10488.81518,10119442,26713.61587,13174729,24233.1613,11470,28126.93356,6785934,12159.17634,1183197,19626.16017,1507860,2021_3,2.1,513269,22313.85,17099.2,2021,2021,3,1104383.118
569,1/19/21,6.4,82.57689127,11712.62368,10414662,27471.84674,14101008,22715.72477,9692,34594.91268,8276703,12006.47128,1002789,21860.25487,1477797,2021_3,2.1,513269,22313.85,17099.2,2021,2021,3,1106461.044
570,1/20/21,6.4,62.75190059,10625.76064,7868738,28275.41528,13236797,23313.16988,10793,23137.73747,5680332,11863.89165,1089272,20862.8063,1478682,2021_3,2.12,513269,22313.85,17099.2,2021,2021,3,1108766.312
571,1/21/21,6.4,68.69556291,11475.07846,10554116,23646.96435,11373616,24115.66635,11128,28266.85672,6861606,11976.02997,1061961,0,0,2021_4,2.1,513269,22313.85,17099.2,2021,2021,4,1104477.076
572,1/22/21,6.4,68.628905,11476.11112,9182841,24761.40592,11622920,17671.89462,7880,23556.95721,5602347,12200.51505,1211352,0,0,2021_4,2.09,513269,22313.85,17099.2,2021,2021,4,1099769.916
573,1/23/21,6.4,58.31977431,10503.97114,9401820,26527.05925,13141355,21327.34162,9674,27770.66672,6663924,12183.27972,981978,0,0,2021_4,2.09,513269,22313.85,17099.2,2021,2021,4,1073759.319
574,1/24/21,6.4,74.53599509,10649.21784,9827811,26757.82276,12030125,23999.72257,11110,24545.41002,6065819,11897.65361,743957,0,0,2021_4,2.09,513269,22313.85,17099.2,2021,2021,4,1084055.87
575,1/25/21,6.4,73.48988207,10586.36636,10807277,26253.62718,12221765,24658.85265,11679,0,0,0,0,0,0,2021_4,2.08,513269,22313.85,17099.2,2021,2021,4,1123108.549
576,1/26/21,6.4,75.31338606,11209.80216,11089206,28246.09404,13927398,22779.04055,10503,0,0,0,0,0,0,2021_4,2.08,513269,22313.85,17099.2,2021,2021,4,1083333.885
577,1/27/21,6.4,49.45910593,10944.68441,9873001,23709.55835,14587874,23534.52523,10228,0,0,0,0,0,0,2021_4,2.08,513269,22313.85,17099.2,2021,2021,4,1092412.692
578,1/28/21,6.4,62.96359114,11266.67028,9825740,22399.05094,10899378,20246.99299,8880,0,0,0,0,0,0,2021_5,2.13,513269,22313.85,17099.2,2021,2021,5,1077832.501
579,1/29/21,6.4,64.48728695,10689.50019,9419256,27078.67408,11585479,24090.69138,11371,0,0,0,0,0,0,2021_5,2.13,513269,22313.85,17099.2,2021,2021,5,1110370.676
580,1/30/21,6.4,48.137613,10943.30539,9592726,25401.93775,11017303,20201.36834,9228,0,0,0,0,0,0,2021_5,2.13,513269,22313.85,17099.2,2021,2021,5,1070540.016
581,1/31/21,6.4,68.25910201,10584.57147,8829372,24961.51799,11651704,21151.65828,9524,0,0,0,0,0,0,2021_5,2.13,513269,22313.85,17099.2,2021,2021,5,1091278.395
582,2/1/21,6.2,47.33694052,11047.7181,10344930,24117.24571,11004066,20800.93012,8986,0,0,0,0,0,0,2021_5,2.11,503650,22313.85,15662.7,2021.083333,2021,5,1085081.095
583,2/2/21,6.2,45.79448053,10943.32375,10627247,25414.19715,11087391,22627.51929,9702,0,0,0,0,0,0,2021_5,2.15,503650,22313.85,15662.7,2021.083333,2021,5,1081425.756
584,2/3/21,6.2,69.49396556,11231.21496,11304898,24137.03734,11608876,22804.01605,10502,0,0,0,0,0,0,2021_5,2.19,503650,22313.85,15662.7,2021.083333,2021,5,1075134.639
585,2/4/21,6.2,59.56550738,11540.35621,9496265,22925.58059,10695973,24330.67519,10739,0,0,0,0,0,0,2021_6,2.17,503650,22313.85,15662.7,2021.083333,2021,6,1088748.676
586,2/5/21,6.2,42.57363173,10889.83409,9459256,24818.93302,11359506,22409.53526,9964,0,0,0,0,0,0,2021_6,2.21,503650,22313.85,15662.7,2021.083333,2021,6,1100542.523
587,2/6/21,6.2,65.42742124,11035.31721,9386995,24402.02952,10212014,21450.49838,8713,0,0,0,0,0,0,2021_6,2.21,503650,22313.85,15662.7,2021.083333,2021,6,1081479.781
588,2/7/21,6.2,70.4967757,11318.6323,9807836,24829.70505,12097967,23096.61503,10503,0,0,0,0,0,0,2021_6,2.21,503650,22313.85,15662.7,2021.083333,2021,6,1100226.641
589,2/8/21,6.2,67.29024228,10928.91778,10970771,24313.06525,10717146,24157.65358,9974,33868.61638,8482735,12464.67608,1081909,0,0,2021_6,2.22,503650,22313.85,15662.7,2021.083333,2021,6,1072703.173
590,2/9/21,6.2,54.68378613,10167.13616,9116126,23630.29593,9676381,22633.39701,10122,28597.68459,6838481,12126.53365,1103476,0,0,2021_6,2.22,503650,22313.85,15662.7,2021.083333,2021,6,1086372.865
591,2/10/21,6.2,70.49455406,10999.50196,9979928,24757.08956,13888300,22416.48128,8973,26975.98251,6528843,11850.85039,785335,0,0,2021_6,2.21,503650,22313.85,15662.7,2021.083333,2021,6,1123420.59
592,2/11/21,6.2,54.19539751,11444.19436,13158261,24053.53112,10953600,20864.43161,9957,30881.72853,7675650,12476.92371,1182454,0,0,2021_7,2.2,503650,22313.85,15662.7,2021.083333,2021,7,1121505.263
593,2/12/21,6.2,73.2527505,11037.33615,9231011,24595.45011,12381896,23207.12907,10441,27053.68965,6409603,12548.34427,1149464,0,0,2021_7,2.21,503650,22313.85,15662.7,2021.083333,2021,7,1108529.838
594,2/13/21,6.2,62.78648996,11222.15912,10812797,25701.78988,13376858,22787.01111,9688,27613.39279,6704700,11868.85663,927239,0,0,2021_7,2.21,503650,22313.85,15662.7,2021.083333,2021,7,1109103.108
595,2/14/21,6.2,64.33680682,11253.6684,9091881,25563.26373,12275133,23095.67888,10568,28480.80104,6830724,11993.29601,1066224,0,0,2021_7,2.21,503650,22313.85,15662.7,2021.083333,2021,7,1094464.078
596,2/15/21,6.2,72.34537021,10586.91792,9118393,26412.8243,13156344,21916.65284,9291,30184.54997,7346774,12364.16177,1334916,0,0,2021_7,2.21,503650,22313.85,15662.7,2021.083333,2021,7,1110589.305
597,2/16/21,6.2,55.98893397,11383.45017,12654788,24224.44501,10323401,18003.27606,8350,25311.62381,6088224,11713.28227,1136021,0,0,2021_7,2.24,503650,22313.85,15662.7,2021.083333,2021,7,1098500.246
598,2/17/21,6.2,68.96548137,10600.37538,9347401,25226.91441,11046346,22874.03623,9414,29426.84021,7059317,12068.57257,1073782,0,0,2021_7,2.21,503650,22313.85,15662.7,2021.083333,2021,7,1086246.716
599,2/18/21,6.2,59.12819883,10498.92089,8219423,23422.18632,11165813,19957.07064,8445,24509.94299,6210536,12143.48266,1424377,0,0,2021_8,2.16,503650,22313.85,15662.7,2021.083333,2021,8,1085168.184
600,2/19/21,6.2,54.74102971,11420.9329,10765674,24712.20282,11121053,20257.25951,9557,25091.68913,6092442,11605.68039,979812,0,0,2021_8,2.14,503650,22313.85,15662.7,2021.083333,2021,8,1102155.205
601,2/20/21,6.2,76.38164299,10844.53679,10748611,23440.66158,10822377,25336.58299,11596,24117.82276,5658058,12218.13571,985046,19210.40508,1330482,2021_8,2.14,503650,22313.85,15662.7,2021.083333,2021,8,1104232.382
602,2/21/21,6.2,74.18601951,11150.07776,10618167,26050.16374,11139605,24501.04946,11388,28261.92754,6712099,12035.04213,1013540,22211.16718,1144707,2021_8,2.14,503650,22313.85,15662.7,2021.083333,2021,8,1148724.545
603,2/22/21,6.2,58.99318324,11392.62339,9637564,23760.94027,11632087,20056.97879,8299,0,0,12148.08331,1204844,17979.90814,1065021,2021_8,2.16,503650,22313.85,15662.7,2021.083333,2021,8,1089387.875
604,2/23/21,6.2,77.21615207,11026.35967,10179149,28572.58935,11628574,20659.33559,9146,0,0,11966.52705,895466,19115.82504,1285970,2021_8,2.16,503650,22313.85,15662.7,2021.083333,2021,8,1117593.255
605,2/24/21,6.2,78.59752567,10349.85036,9574640,23842.44088,11287987,21711.18535,9309,0,0,12221.66959,970118,19564.38894,1006783,2021_8,2.17,503650,22313.85,15662.7,2021.083333,2021,8,1106505.995
606,2/25/21,6.2,80.87975659,10809.31293,10654725,25211.70581,13344047,21606.88014,9309,0,0,11927.51304,1038060,18663.21815,1199374,2021_9,2.14,503650,22313.85,15662.7,2021.083333,2021,9,1129723.144
607,2/26/21,6.2,64.14941739,11329.82861,9251467,23111.95768,10809338,19218.47281,8352,0,0,12141.73579,979142,18696.16195,1421681,2021_9,2.15,503650,22313.85,15662.7,2021.083333,2021,9,1125579.891
608,2/27/21,6.2,65.4444514,11257.90883,10466177,26392.55038,14281843,22114.10589,10156,0,0,11819.04456,999516,22204.44096,1468090,2021_9,2.15,503650,22313.85,15662.7,2021.083333,2021,9,1124059.644
609,2/28/21,6.2,66.58146476,10881.45368,10520952,25991.91954,12954333,24331.60776,10363,0,0,12048.11363,1023035,16725.72854,1041067,2021_9,2.15,503650,22313.85,15662.7,2021.083333,2021,9,1102735.903
610,3/1/21,6,62.12347504,10999.29176,9917784,27820.44071,13361816,23210.97958,9724,0,0,12181.91821,1187179,19216.73929,1476068,2021_9,2.16,558369,22313.85,19213.9,2021.166667,2021,9,1152980.414
611,3/2/21,6,79.73907879,10976.3995,10544579,23273.60858,10667815,22307.05757,11018,0,0,12128.29695,1250687,21613.48524,1577864,2021_9,2.2,558369,22313.85,19213.9,2021.166667,2021,9,1106865.896
612,3/3/21,6,72.40231554,11366.63558,9847881,23707.8053,10591230,22335.62266,9929,0,0,12066.31659,775979,22482.08487,1269744,2021_9,2.21,558369,22313.85,19213.9,2021.166667,2021,9,1120710.989
613,3/4/21,6,69.56857685,10963.83938,9988244,26469.92355,11894922,23820.18007,10247,0,0,11849.76882,922057,18272.48522,1129083,2021_10,2.2,558369,22313.85,19213.9,2021.166667,2021,10,1107502.661
614,3/5/21,6,66.30712732,11046.94808,11927997,23493.87683,10685992,24077.5723,10351,0,0,11892.63818,1312145,17653.05738,1065043,2021_10,2.22,558369,22313.85,19213.9,2021.166667,2021,10,1148194.396
615,3/6/21,6,66.72722061,11223.9788,9737010,24516.78887,11149385,22561.10397,10320,0,0,11981.53613,1157864,18690.06186,1058026,2021_10,2.22,558369,22313.85,19213.9,2021.166667,2021,10,1118902.012
616,3/7/21,6,66.65066574,10637.71542,9914627,22853.05311,11161788,23701.94681,10502,0,0,12090.4046,1124991,22134.2353,1065713,2021_10,2.22,558369,22313.85,19213.9,2021.166667,2021,10,1106564.509
617,3/8/21,6,66.82641103,10848.50664,9348493,25335.80402,12197544,22403.21402,10604,29785.25695,7289121,0,0,21197.39241,1077556,2021_10,2.21,558369,22313.85,19213.9,2021.166667,2021,10,1126710.239
618,3/9/21,6,63.67250057,10563.59115,9166521,23782.45449,12209746,24723.63782,10616,33648.27801,8110679,0,0,18384.36328,1278672,2021_10,2.21,558369,22313.85,19213.9,2021.166667,2021,10,1113835.508
619,3/10/21,6,83.7954931,10899.47961,12015806,24303.14096,12650069,23090.34014,9846,22016.15276,5471841,0,0,19601.02086,1167390,2021_10,2.26,558369,22313.85,19213.9,2021.166667,2021,10,1137684.794
620,3/11/21,6,66.64886095,10609.34981,9712189,24879.53043,11253461,20602.91956,9742,24272.1968,5887429,0,0,22006.84678,1680315,2021_11,2.28,558369,22313.85,19213.9,2021.166667,2021,11,1109672.79
621,3/12/21,6,58.28213505,9863.715305,9342407,24628.85585,10244102,27366.50573,11014,29432.04871,7128129,0,0,21493.84169,1178324,2021_11,2.26,558369,22313.85,19213.9,2021.166667,2021,11,1112103.112
622,3/13/21,6,65.34016906,11450.38473,9837680,24158.95934,12068191,23510.52839,10787,27046.5054,6664008,0,0,20262.16684,1388898,2021_11,2.26,558369,22313.85,19213.9,2021.166667,2021,11,1124894.755
623,3/14/21,6,68.79685761,11482.30429,9661424,26453.61687,13040021,21271.18853,9894,27333.02769,6552207,0,0,21654.21949,1408774,2021_11,2.26,558369,22313.85,19213.9,2021.166667,2021,11,1142565.351
624,3/15/21,6,74.41844972,10845.27853,10414746,26784.84225,12474909,18800.45864,7946,28237.19424,6785415,0,0,21221.62152,1991580,2021_11,2.27,558369,22313.85,19213.9,2021.166667,2021,11,1142708.544
625,3/16/21,6,60.14426042,11524.85204,9266484,25818.25252,13226785,24730.53229,11743,27309.33591,6831506,0,0,22132.11698,1130076,2021_11,2.3,558369,22313.85,19213.9,2021.166667,2021,11,1109635.84
626,3/17/21,6,73.44590917,10829.69013,12106775,26766.1663,14037705,22912.59176,9996,37279.96814,9223512,0,0,18354.17764,1345133,2021_11,2.3,558369,22313.85,19213.9,2021.166667,2021,11,1126298.062
627,3/18/21,6,76.77276749,11702.14957,10270000,26736.12063,14050151,22989.84926,11242,22673.34597,5349149,0,0,20054.09416,1088123,2021_12,2.27,558369,22313.85,19213.9,2021.166667,2021,12,1144737.608
628,3/19/21,6,53.67314973,10779.63225,11629800,21216.95474,9139198,22345.0296,10318,20966.30033,5111702,0,0,21753.47164,1464576,2021_12,2.31,558369,22313.85,19213.9,2021.166667,2021,12,1104132.23
629,3/20/21,6,58.88488734,11394.08842,11754948,27051.83879,12621644,23890.11878,10514,27498.93304,6617530,0,0,20346.28307,1003134,2021_12,2.31,558369,22313.85,19213.9,2021.166667,2021,12,1110425.553
630,3/21/21,6,56.26693833,10955.78071,10210183,24752.51599,12227259,26197.47801,11665,31122.55828,7710540,0,0,17557.9112,964181,2021_12,2.31,558369,22313.85,19213.9,2021.166667,2021,12,1112975.249
631,3/22/21,6,71.81288061,11049.66996,11064356,26012.23833,11902059,22296.68073,9353,0,0,12152.68187,1081508,20842.43887,1304675,2021_12,2.33,558369,22313.85,19213.9,2021.166667,2021,12,1098490.504
632,3/23/21,6,61.94745402,10895.8162,11573027,23679.55218,12456644,23925.1266,10125,0,0,11745.81192,1077172,22052.88435,1230768,2021_12,2.29,558369,22313.85,19213.9,2021.166667,2021,12,1095762.983
633,3/24/21,6,65.90403588,10482.50728,9571139,26978.9442,13254625,22905.23642,10389,0,0,11543.48542,1103144,16178.81787,967610,2021_12,2.31,558369,22313.85,19213.9,2021.166667,2021,12,1107607.578
634,3/25/21,6,68.52830979,10979.16776,9440335,25018.7132,12062557,24507.26789,10621,0,0,12196.21856,821364,20707.90099,1181504,2021_13,2.32,558369,22313.85,19213.9,2021.166667,2021,13,1106505.452
635,3/26/21,6,44.03241904,10248.0525,9320024,24540.40729,11353437,28584.11376,12641,0,0,12402.6377,1640133,21743.73475,1465374,2021_13,2.34,558369,22313.85,19213.9,2021.166667,2021,13,1099884.708
636,3/27/21,6,55.50139157,11021.08722,9503167,21372.27764,9933016,24297.80928,10144,0,0,12360.56639,1026856,22011.50139,1249450,2021_13,2.34,558369,22313.85,19213.9,2021.166667,2021,13,1107283.035
637,3/28/21,6,61.52032991,11163.37654,9408740,25077.2741,10324384,19208.66059,8095,0,0,12285.10569,1007203,20960.29953,1405241,2021_13,2.34,558369,22313.85,19213.9,2021.166667,2021,13,1105344.912
638,3/29/21,6,43.28419833,10385.11995,8599602,26558.22878,12490184,20101.39225,9819,0,0,12314.37761,1077978,21770.04925,1361549,2021_13,2.36,558369,22313.85,19213.9,2021.166667,2021,13,1108515.629
639,3/30/21,6,63.39628956,10772.86152,9148727,29460.43131,15230148,25156.64927,11383,0,0,11945.82337,914199,17515.34877,1008140,2021_13,2.35,558369,22313.85,19213.9,2021.166667,2021,13,1133804.188
640,3/31/21,6,59.08490334,11004.61455,9408796,27906.11844,13913425,20263.78035,9495,0,0,11952.04616,924245,21142.17008,1097268,2021_13,2.37,558369,22313.85,19213.9,2021.166667,2021,13,1122343.653
641,4/1/21,6,57.25377072,11447.37789,10086482,27375.14143,12030244,21310.392,9677,0,0,11555.65336,943795,18781.26365,1166702,2021_14,2.35,555865,23046.934,16264.7,2021.25,2021.25,14,1120050.807
642,4/2/21,6,56.22603271,10936.95239,12157820,25017.43844,11027360,21952.6829,10903,0,0,12355.99287,1040661,20788.50393,1474246,2021_14,2.36,555865,23046.934,16264.7,2021.25,2021.25,14,1122101.393
643,4/3/21,6,44.97307271,10862.10641,9126875,22623.55525,9599705,20261.97895,9368,0,0,11889.72594,1316704,19510.68759,924640,2021_14,2.36,555865,23046.934,16264.7,2021.25,2021.25,14,1106307.889
644,4/4/21,6,72.01035163,10906.71319,9707977,25126.90099,11543165,22399.5022,9789,0,0,11943.40456,947871,20980.16271,1921623,2021_14,2.36,555865,23046.934,16264.7,2021.25,2021.25,14,1113694.619
645,4/5/21,6,73.65227731,10930.395,10043923,22907.78281,10997957,20302.81668,9035,27985.72114,6643596,12044.07176,818345,19820.31879,1156031,2021_14,2.35,555865,23046.934,16264.7,2021.25,2021.25,14,1153291.992
646,4/6/21,6,64.76817879,11267.76439,10591000,24993.67328,12265855,24106.02472,10010,26613.70644,6612805,12377.61318,1160753,19040.93777,1080564,2021_14,2.32,555865,23046.934,16264.7,2021.25,2021.25,14,1131119.922
647,4/7/21,6,60.00141946,11214.33444,8567943,25812.987,11921429,25368.56279,11065,29071.73843,7187640,11648.64947,1102047,16626.75991,1316331,2021_14,2.34,555865,23046.934,16264.7,2021.25,2021.25,14,1133556.656
648,4/8/21,6,56.68895101,10851.23232,9385380,27117.2247,13591050,22962.72337,9906,26867.07501,6490482,12002.25661,836843,19002.82863,1080169,2021_15,2.33,555865,23046.934,16264.7,2021.25,2021.25,15,1134067.092
649,4/9/21,6,52.65698296,10627.17482,10711035,25537.7748,11978048,20008.52827,8847,26365.55417,6515174,11862.5753,820538,21237.09033,1187892,2021_15,2.31,555865,23046.934,16264.7,2021.25,2021.25,15,1107904.923
650,4/10/21,6,60.84590557,10809.59467,10356717,26278.38423,11890866,22568.73742,10688,24955.35569,6212326,11836.71349,994513,21137.04627,1322070,2021_15,2.31,555865,23046.934,16264.7,2021.25,2021.25,15,1120495.449
651,4/11/21,6,77.84204789,10280.7215,8267318,24494.22395,11065521,19986.20685,8880,23039.27632,5559304,11585.78536,908375,18914.99544,1100866,2021_15,2.31,555865,23046.934,16264.7,2021.25,2021.25,15,1136502.885
652,4/12/21,6,62.59047385,10954.49942,9284547,25703.35914,11579164,23419.7118,10661,22683.63006,5548721,12256.21564,1029252,19232.70851,1104117,2021_15,2.33,555865,23046.934,16264.7,2021.25,2021.25,15,1107688.797
653,4/13/21,6,66.43717217,11304.94846,10089188,22406.68295,10712395,22036.45977,9767,24846.54413,6113515,12037.89909,1289893,22386.30157,1161366,2021_15,2.33,555865,23046.934,16264.7,2021.25,2021.25,15,1130840.753
654,4/14/21,6,72.35503127,11166.45655,9077278,21595.77278,11265005,23848.58828,10287,29675.36841,7278790,12061.00592,1108368,22444.39389,1503388,2021_15,2.33,555865,23046.934,16264.7,2021.25,2021.25,15,1136231.468
655,4/15/21,6,74.06163632,10692.27214,10375660,21747.58474,11328159,28531.25588,12861,30206.68118,7303162,12149.92782,873843,19367.94774,1353050,2021_16,2.33,555865,23046.934,16264.7,2021.25,2021.25,16,1126551.647
656,4/16/21,6,74.2856536,11169.78462,11091559,23857.29227,11777926,20917.58518,9827,32602.44876,8088165,12058.45112,682393,17324.69819,966680,2021_16,2.36,555865,23046.934,16264.7,2021.25,2021.25,16,1099092.84
657,4/17/21,6,65.31824011,10526.62033,8366895,26039.85963,12340934,20055.46663,8786,25256.81453,6044751,12474.23323,1018405,18478.093,1141860,2021_16,2.36,555865,23046.934,16264.7,2021.25,2021.25,16,1129699.306
658,4/18/21,6,82.95779891,10950.01297,12127330,26762.05662,12795888,20836.34622,9291,25607.69655,6289744,11811.99924,1031153,15404.84542,1112971,2021_16,2.36,555865,23046.934,16264.7,2021.25,2021.25,16,1137645.439
659,4/19/21,6,61.6861618,10772.6333,12155620,27233.68488,13458124,21931.19233,9433,0,0,0,0,19147.3582,1091289,2021_16,2.34,555865,23046.934,16264.7,2021.25,2021.25,16,1148363.018
660,4/20/21,6,78.71551708,11261.46751,9778407,26510.92759,12275631,22702.41003,10187,0,0,0,0,22813.50042,1329085,2021_16,2.32,555865,23046.934,16264.7,2021.25,2021.25,16,1130060.449
661,4/21/21,6,73.74199766,11098.91811,10799390,24493.37201,11142336,20664.0858,8864,0,0,0,0,17066.19681,1100233,2021_16,2.33,555865,23046.934,16264.7,2021.25,2021.25,16,1141545.167
662,4/22/21,6,71.86399367,10829.37843,9338051,30446.03544,15164313,26469.35924,11462,0,0,0,0,20943.40436,1284667,2021_17,2.33,555865,23046.934,16264.7,2021.25,2021.25,17,1119331.123
663,4/23/21,6,83.65444811,11201.54493,9941665,22856.36649,10878742,24141.87063,11713,0,0,0,0,20887.25532,1314611,2021_17,2.34,555865,23046.934,16264.7,2021.25,2021.25,17,1116638.962
664,4/24/21,6,66.82454916,11054.33926,9587900,26242.87761,13831861,22105.71644,9194,0,0,0,0,18809.89665,2238968,2021_17,2.34,555865,23046.934,16264.7,2021.25,2021.25,17,1124320.671
665,4/25/21,6,75.60867356,11309.8777,10996911,26162.64532,10704519,25446.75063,11545,0,0,0,0,16403.8134,1988577,2021_17,2.34,555865,23046.934,16264.7,2021.25,2021.25,17,1129087.8
666,4/26/21,6,82.128298,11507.52171,9212209,23116.85586,11200612,23778.49313,10408,0,0,0,0,20479.35132,1389109,2021_17,2.36,555865,23046.934,16264.7,2021.25,2021.25,17,1132817.329
667,4/27/21,6,75.34502157,11118.83853,8708963,26288.46192,11718448,21698.9552,10211,0,0,0,0,20948.33688,1612058,2021_17,2.39,555865,23046.934,16264.7,2021.25,2021.25,17,1151487.945
668,4/28/21,6,73.75776466,10949.6088,8972730,26177.84733,11897161,21749.68462,8985,0,0,0,0,21377.54792,1932257,2021_17,2.41,555865,23046.934,16264.7,2021.25,2021.25,17,1115945.509
669,4/29/21,6,76.21169449,11386.03963,10520796,23899.2548,10819538,26057.6239,11845,0,0,0,0,17876.72264,1302309,2021_18,2.42,555865,23046.934,16264.7,2021.25,2021.25,18,1126412.947
670,4/30/21,6,74.96380265,11386.61203,9781492,22416.95816,11510183,21273.09669,10438,0,0,0,0,18928.78711,1287325,2021_18,2.41,555865,23046.934,16264.7,2021.25,2021.25,18,1108583.571
671,5/1/21,5.8,76.35171981,10688.92259,9254291,22835.41377,12658768,23285.90992,10698,0,0,0,0,17407.31969,1085107,2021_18,2.41,550441,23046.934,15790.4,2021.333333,2021.25,18,1129947.973
672,5/2/21,5.8,81.23119646,10772.56779,9663631,24842.13958,13191303,20510.74614,8811,0,0,0,0,16922.25367,926204,2021_18,2.41,550441,23046.934,15790.4,2021.333333,2021.25,18,1125118.448
673,5/3/21,5.8,67.04008791,11368.21892,11059593,26978.04253,12489361,19547.16882,8893,28432.70448,6719888,11939.30394,793097,18718.41236,967620,2021_18,2.42,550441,23046.934,15790.4,2021.333333,2021.25,18,1148274.669
674,5/4/21,5.8,81.67512347,11185.35251,9956841,23153.9629,10324825,21369.81527,9672,24444.03264,5886663,11792.59407,1001854,21314.73086,1431946,2021_18,2.42,550441,23046.934,15790.4,2021.333333,2021.25,18,1148301.21
675,5/5/21,5.8,64.27924544,10725.62231,9073810,24694.00698,13143435,22751.97317,9236,29361.49019,7259170,11846.01472,1234936,21851.87938,1623648,2021_18,2.47,550441,23046.934,15790.4,2021.333333,2021.25,18,1120982.185
676,5/6/21,5.8,57.17644344,11361.7443,10965738,26582.00519,13025461,24128.14489,10670,27010.59493,6425317,12206.79913,886477,23016.09974,2020902,2021_19,2.45,550441,23046.934,15790.4,2021.333333,2021.25,19,1137544.501
677,5/7/21,5.8,57.69216699,11261.29453,10137624,26719.92735,12183688,21136.42475,8657,26604.47907,6465470,11845.11718,899710,25164.15887,1596837,2021_19,2.49,550441,23046.934,15790.4,2021.333333,2021.25,19,1172271.246
678,5/8/21,5.8,76.6098037,11573.19879,11634800,25614.21993,11532874,21792.5817,9878,32574.11028,7844638,12030.16108,912591,20820.42295,1260961,2021_19,2.49,550441,23046.934,15790.4,2021.333333,2021.25,19,1138048.184
679,5/9/21,5.8,51.18403331,10980.98415,10558694,27415.15743,13153682,18431.06784,8735,31687.72232,7700487,11980.61488,698234,21567.71023,1760155,2021_19,2.49,550441,23046.934,15790.4,2021.333333,2021.25,19,1156036.101
680,5/10/21,5.8,53.1307531,10281.81725,8912132,28409.09387,13262446,18350.91085,9019,20180.05556,4841663,11866.36789,818896,16237.62369,801594,2021_19,2.54,550441,23046.934,15790.4,2021.333333,2021.25,19,1121974.723
681,5/11/21,5.8,48.75897312,11161.57485,9791689,25190.16346,10954592,23879.76376,11130,28779.41436,7085181,11990.347,1445044,21554.05545,1447181,2021_19,2.53,550441,23046.934,15790.4,2021.333333,2021.25,19,1132479.544
682,5/12/21,5.8,62.62761833,11461.76256,10168998,27960.65702,12653592,21570.20938,10679,25301.40249,6094629,11822.76382,1163487,20518.04641,1733738,2021_19,2.54,550441,23046.934,15790.4,2021.333333,2021.25,19,1132678.897
683,5/13/21,5.8,50.84239853,10696.20975,10195261,24692.63948,11168761,22164.99614,9751,21829.42486,5115433,11958.40188,1121931,18149.92137,1276459,2021_20,2.51,550441,23046.934,15790.4,2021.333333,2021.25,20,1139086.425
684,5/14/21,5.8,60.47897149,10569.26912,9503064,25190.8478,12267959,18350.01027,8128,33567.79458,7967880,11828.05444,1222087,19033.75984,1239041,2021_20,2.51,550441,23046.934,15790.4,2021.333333,2021.25,20,1148936.125
685,5/15/21,5.8,49.75730846,11141.80196,10557552,25001.43138,12653532,26785.43954,11452,20747.20697,5103090,11753.91188,884844,21009.12463,1050657,2021_20,2.51,550441,23046.934,15790.4,2021.333333,2021.25,20,1132258.556
686,5/16/21,5.8,53.75296331,10834.87691,9323673,24641.54334,12415229,23278.34091,10584,27812.76247,6636170,11930.94831,1353891,18619.48663,1423919,2021_20,2.51,550441,23046.934,15790.4,2021.333333,2021.25,20,1152997.699
687,5/17/21,5.8,52.14122467,11057.66119,9794065,25253.26158,12330162,23561.08273,10625,0,0,12170.83218,1351495,23233.13569,1417570,2021_20,2.54,550441,23046.934,15790.4,2021.333333,2021.25,20,1121590.617
688,5/18/21,5.8,67.8471331,10811.84419,9260627,21162.1289,9914196,23751.90065,11296,0,0,11910.04558,1119387,20555.5739,1635244,2021_20,2.52,550441,23046.934,15790.4,2021.333333,2021.25,20,1113976.555
689,5/19/21,5.8,45.14600059,10440.17598,9217987,23054.60797,11740947,22300.66753,9480,0,0,12217.52801,1073779,23917.26667,1404608,2021_20,2.48,550441,23046.934,15790.4,2021.333333,2021.25,20,1134599.529
690,5/20/21,5.8,49.17017759,11641.33873,10444560,24325.96658,12326476,20453.74743,9104,0,0,12044.57966,930617,22101.18061,1210939,2021_21,2.41,550441,23046.934,15790.4,2021.333333,2021.25,21,1114534.195
691,5/21/21,5.8,47.42348552,11082.36734,10137897,20074.98871,10077921,19654.00193,8673,0,0,11681.46903,947568,0,0,2021_21,2.43,550441,23046.934,15790.4,2021.333333,2021.25,21,1102336.793
692,5/22/21,5.8,63.38318654,11252.57955,9997491,24724.22533,12175906,20367.64293,9804,0,0,11975.09417,1180226,0,0,2021_21,2.43,550441,23046.934,15790.4,2021.333333,2021.25,21,1130138.943
693,5/23/21,5.8,69.07932521,11462.48365,11987968,28826.26623,15019471,23467.1858,11908,0,0,11998.15567,1123541,0,0,2021_21,2.43,550441,23046.934,15790.4,2021.333333,2021.25,21,1123022.818
694,5/24/21,5.8,57.3881092,11228.09544,10268456,25765.68788,12896607,24372.07431,10577,0,0,11763.52173,795328,0,0,2021_21,2.44,550441,23046.934,15790.4,2021.333333,2021.25,21,1106971.769
695,5/25/21,5.8,62.29927277,11244.79552,10124765,24528.78822,11050028,24055.47318,10441,0,0,12037.46104,986378,0,0,2021_21,2.42,550441,23046.934,15790.4,2021.333333,2021.25,21,1104303.356
696,5/26/21,5.8,49.97824738,10426.28207,9483826,26748.21093,14015096,22257.36898,9712,0,0,12307.71924,957974,0,0,2021_21,2.4,550441,23046.934,15790.4,2021.333333,2021.25,21,1104970.688
697,5/27/21,5.8,62.85711021,11244.72349,10470715,27091.25597,14118957,21828.24536,9936,0,0,11683.90569,1319209,0,0,2021_22,2.42,550441,23046.934,15790.4,2021.333333,2021.25,22,1118568.04
698,5/28/21,5.8,71.83575439,11843.10269,10962756,26532.12439,12685645,21214.89594,9632,0,0,11649.44513,1156575,0,0,2021_22,2.42,550441,23046.934,15790.4,2021.333333,2021.25,22,1116969.411
699,5/29/21,5.8,61.78283276,11074.14989,10383902,21294.83414,9788761,22417.52315,9321,0,0,12036.63968,994495,0,0,2021_22,2.42,550441,23046.934,15790.4,2021.333333,2021.25,22,1114474.342
700,5/30/21,5.8,49.70757922,10675.69028,10606381,22680.86442,11319920,20930.83413,9453,0,0,11797.48261,1116757,0,0,2021_22,2.42,550441,23046.934,15790.4,2021.333333,2021.25,22,1111593.289
701,5/31/21,5.8,55.3925444,11309.88033,11416723,25001.33056,11417133,23435.07625,10658,16190.52362,3944483,0,0,0,0,2021_22,2.42,550441,23046.934,15790.4,2021.333333,2021.25,22,1116594.101
702,6/1/21,5.9,59.95306792,11493.97581,12263622,25833.24039,13505551,28411.66028,12207,27258.26782,6547665,0,0,0,0,2021_22,2.46,553044,23046.934,15708.6,2021.416667,2021.25,22,1142982.71
703,6/2/21,5.9,60.53188592,11521.79912,9279004,23000.18945,11687240,22661.77168,9565,26082.9171,6162772,0,0,0,0,2021_22,2.44,553044,23046.934,15708.6,2021.416667,2021.25,22,1130226.261
704,6/3/21,5.9,55.69741488,11163.90921,13425157,27641.24238,13547196,24171.88315,10862,29954.13771,7190335,0,0,0,0,2021_23,2.42,553044,23046.934,15708.6,2021.416667,2021.25,23,1159810.42
705,6/4/21,5.9,65.08807532,10888.43732,8055821,24936.30486,11429047,21198.95874,9096,27585.41552,6696243,0,0,0,0,2021_23,2.4,553044,23046.934,15708.6,2021.416667,2021.25,23,1115378.168
706,6/5/21,5.9,72.41713281,11124.82729,11252455,24813.02615,10801208,20642.42649,9428,31081.37601,7383946,0,0,0,0,2021_23,2.4,553044,23046.934,15708.6,2021.416667,2021.25,23,1119313.063
707,6/6/21,5.9,72.29989885,10744.78795,8810592,26493.93349,13123604,22253.34587,9471,23380.55741,5724988,0,0,0,0,2021_23,2.4,553044,23046.934,15708.6,2021.416667,2021.25,23,1146522.46
708,6/7/21,5.9,75.22010928,11613.05696,11134852,26521.22842,13019730,28364.72098,13412,26230.21681,6318672,0,0,0,0,2021_23,2.39,553044,23046.934,15708.6,2021.416667,2021.25,23,1117886.77
709,6/8/21,5.9,72.80231422,11204.47917,10562131,26762.58203,13857320,24086.06443,10151,22674.49904,5607615,0,0,0,0,2021_23,2.36,553044,23046.934,15708.6,2021.416667,2021.25,23,1160885.73
710,6/9/21,5.9,63.66061721,11451.25899,11397664,22369.98609,11216356,25624.27963,11540,24619.41108,6040597,0,0,0,0,2021_23,2.32,553044,23046.934,15708.6,2021.416667,2021.25,23,1137513.114
711,6/10/21,5.9,87.65178835,11494.618,9801502,21212.36658,9297679,23979.18096,10594,26283.07389,6434846,0,0,0,0,2021_24,2.35,553044,23046.934,15708.6,2021.416667,2021.25,24,1133253.291
712,6/11/21,5.9,81.97558596,10957.56045,12742351,24330.00898,11053372,23119.81293,9874,25144.19431,5998947,0,0,0,0,2021_24,2.32,553044,23046.934,15708.6,2021.416667,2021.25,24,1143532.15
713,6/12/21,5.9,71.86717284,11257.94641,10827623,25609.19745,11835651,22800.21972,10431,27962.80766,6974525,0,0,0,0,2021_24,2.32,553044,23046.934,15708.6,2021.416667,2021.25,24,1125086.615
714,6/13/21,5.9,66.08800176,11033.68709,10833379,26257.26075,12743855,21097.13298,9332,25140.67808,6227357,0,0,0,0,2021_24,2.32,553044,23046.934,15708.6,2021.416667,2021.25,24,1138374.74
715,6/14/21,5.9,68.34472107,10893.86976,8879443,26054.14476,11451376,23527.07904,10783,0,0,11975.5869,933923,0,0,2021_24,2.36,553044,23046.934,15708.6,2021.416667,2021.25,24,1128023.232
716,6/15/21,5.9,82.8336624,10045.76653,9511687,25891.53893,12953686,25729.04945,11221,0,0,12245.61463,999979,0,0,2021_24,2.38,553044,23046.934,15708.6,2021.416667,2021.25,24,1154731.541
717,6/16/21,5.9,63.22171629,10763.35201,12162401,25460.69156,11844905,23129.00058,9617,0,0,12063.1304,1043888,0,0,2021_24,2.32,553044,23046.934,15708.6,2021.416667,2021.25,24,1154980.102
718,6/17/21,5.9,78.12884388,11013.11059,9552517,26971.31459,12539000,23529.50425,10753,0,0,12121.99055,955207,0,0,2021_25,2.27,553044,23046.934,15708.6,2021.416667,2021.25,25,1136427.211
719,6/18/21,5.9,65.34160367,11432.63403,11024237,26629.02066,12711535,22499.20983,10652,0,0,12284.75741,924730,0,0,2021_25,2.24,553044,23046.934,15708.6,2021.416667,2021.25,25,1148030.542
720,6/19/21,5.9,81.83015547,10352.31965,10851912,25662.86262,12341729,22949.97646,10273,0,0,11965.06348,972054,0,0,2021_25,2.24,553044,23046.934,15708.6,2021.416667,2021.25,25,1135296.786
721,6/20/21,5.9,87.63845458,10639.08083,9802133,23941.53422,11088330,24688.44792,11026,0,0,12213.22529,1227999,20974.14349,1407930,2021_25,2.24,553044,23046.934,15708.6,2021.416667,2021.25,25,1158830.347
722,6/21/21,5.9,63.82762356,11385.36185,9970050,26184.71813,14207859,24183.97601,10271,0,0,12130.42406,815489,24178.26652,1687014,2021_25,2.25,553044,23046.934,15708.6,2021.416667,2021.25,25,1136746.271
723,6/22/21,5.9,75.37510445,11325.24384,9633322,23906.99839,13032705,25366.27226,11300,0,0,12205.02828,915137,22867.66481,2365993,2021_25,2.31,553044,23046.934,15708.6,2021.416667,2021.25,25,1158703.044
724,6/23/21,5.9,72.09875575,11118.94679,9888905,24786.51581,12103003,25071.39862,11046,0,0,12079.99882,1741092,17760.72809,966398,2021_25,2.34,553044,23046.934,15708.6,2021.416667,2021.25,25,1165046.15
725,6/24/21,5.9,78.86889307,10707.04221,9824558,28648.96137,14079941,24751.54774,11047,0,0,12155.34841,1044855,20673.50239,1076769,2021_26,2.3,553044,23046.934,15708.6,2021.416667,2021.25,26,1141921.159
726,6/25/21,5.9,63.83135679,11466.16976,12125083,26192.72517,12236928,24383.52712,10715,0,0,12310.66878,961064,20218.4346,1613547,2021_26,2.34,553044,23046.934,15708.6,2021.416667,2021.25,26,1147979.837
727,6/26/21,5.9,69.95126337,10491.2458,9695805,27348.96203,11192742,23972.94129,10679,0,0,12041.55249,746166,20801.47274,1830808,2021_26,2.34,553044,23046.934,15708.6,2021.416667,2021.25,26,1147132.416
728,6/27/21,5.9,54.43190184,10994.93292,11090241,25260.96732,12904988,25238.74198,11742,0,0,11896.97687,842537,20291.9362,1527248,2021_26,2.34,553044,23046.934,15708.6,2021.416667,2021.25,26,1155310.7
729,6/28/21,5.9,67.21701954,11311.73165,10752213,23848.01647,10886948,20320.90162,8535,29845.54544,7403835,12475.33097,1183855,19224.60958,1078545,2021_26,2.33,553044,23046.934,15708.6,2021.416667,2021.25,26,1145454.477
730,6/29/21,5.9,65.7422282,10642.94663,11022923,27036.38856,13017938,22117.8729,9585,31534.92654,7708708,11962.06168,1242425,21391.31977,1202679,2021_26,2.32,553044,23046.934,15708.6,2021.416667,2021.25,26,1177079.513
731,6/30/21,5.9,61.0328342,11168.10486,9969627,25929.57004,12168904,22948.66431,10266,23358.39404,5611244,11999.37015,1042640,19067.1656,1290356,2021_26,2.32,553044,23046.934,15708.6,2021.416667,2021.25,26,1162915.172
732,7/1/21,5.4,74.68890473,10631.55008,10390577,23710.50959,14294640,19404.72442,8573,28736.44465,7098898,11633.71814,1046926,20413.46949,1276531,2021_27,2.35,541721,23550.42,15821.9,2021.5,2021.5,27,1166450.069
733,7/2/21,5.4,66.61008538,11048.02486,10898944,25461.66114,12990780,21712.85514,9782,21518.46169,5277313,12092.66453,992662,20822.40519,1796856,2021_27,2.33,541721,23550.42,15821.9,2021.5,2021.5,27,1167134.274
734,7/3/21,5.4,52.94905271,10575.7463,9459854,27140.93461,12806974,23935.35451,10665,27600.45155,6802988,11849.71394,1382327,17253.25396,1083774,2021_27,2.33,541721,23550.42,15821.9,2021.5,2021.5,27,1130189.572
735,7/4/21,5.4,70.73990621,11353.19458,11629324,25813.82635,11842128,23025.72859,10236,29120.16889,7026462,12693.72213,1038832,21412.97849,1072684,2021_27,2.33,541721,23550.42,15821.9,2021.5,2021.5,27,1165551.689
736,7/5/21,5.4,55.81727201,10693.77765,8995868,26101.1324,13204374,22565.90076,10638,27971.49818,6759501,11801.22821,1318640,22725.59062,1404403,2021_27,2.33,541721,23550.42,15821.9,2021.5,2021.5,27,1147937.956
737,7/6/21,5.4,66.22061326,11537.22821,11777660,27147.18286,13893675,25630.29953,11730,22761.74753,5405811,11913.16259,936854,18989.58171,1790050,2021_27,2.31,541721,23550.42,15821.9,2021.5,2021.5,27,1184693.232
738,7/7/21,5.4,63.95026269,10763.66756,11229129,22326.66348,11129179,22839.96487,10497,30898.60037,7640009,12052.45275,1089078,17308.68561,869043,2021_27,2.28,541721,23550.42,15821.9,2021.5,2021.5,27,1180759.504
739,7/8/21,5.4,53.94883763,10801.67471,10788977,25986.19962,11920088,19884.71935,8578,27671.43833,6737106,12260.32384,986891,16395.53011,1027309,2021_28,2.22,541721,23550.42,15821.9,2021.5,2021.5,28,1136095.288
740,7/9/21,5.4,56.54139947,11538.9985,9497767,25466.63386,13563001,22150.61479,9729,33143.34329,8030389,12511.13146,863066,20023.11083,1065253,2021_28,2.28,541721,23550.42,15821.9,2021.5,2021.5,28,1170061.132
741,7/10/21,5.4,57.19427189,11945.7714,11070334,20344.0723,10924765,19687.48004,9564,32320.29246,7836133,11968.85576,981614,18184.97638,1172735,2021_28,2.28,541721,23550.42,15821.9,2021.5,2021.5,28,1159736.55
742,7/11/21,5.4,69.30107674,10888.27421,9855146,24775.51357,10601757,23179.13036,10810,21256.82121,5158903,12189.91412,982625,17058.53862,1312237,2021_28,2.28,541721,23550.42,15821.9,2021.5,2021.5,28,1140756.801
743,7/12/21,5.4,44.25361662,11365.44592,8695739,23954.03487,13545574,21474.64816,10850,0,0,0,0,17412.38224,1295018,2021_28,2.33,541721,23550.42,15821.9,2021.5,2021.5,28,1120731.239
744,7/13/21,5.4,64.04409961,10731.69469,9297724,27936.10164,13007157,22327.63477,10562,0,0,0,0,17667.9973,1555680,2021_28,2.36,541721,23550.42,15821.9,2021.5,2021.5,28,1141713.548
745,7/14/21,5.4,67.37419007,10966.33081,9655410,24876.31175,12431830,26869.12636,11639,0,0,0,0,20079.38318,1134424,2021_28,2.34,541721,23550.42,15821.9,2021.5,2021.5,28,1131770.187
746,7/15/21,5.4,71.23549134,11008.41245,9833353,25436.75328,11807293,22903.54824,9566,0,0,0,0,18802.65781,1048847,2021_29,2.32,541721,23550.42,15821.9,2021.5,2021.5,29,1146024.753
747,7/16/21,5.4,71.24353451,11670.86101,9819069,27364.63166,11900533,27214.21348,12746,0,0,0,0,21336.65967,1879058,2021_29,2.33,541721,23550.42,15821.9,2021.5,2021.5,29,1154145.734
748,7/17/21,5.4,62.8526867,11575.46802,9052374,24439.79629,10937222,23071.12939,10528,0,0,0,0,19978.79748,1414762,2021_29,2.33,541721,23550.42,15821.9,2021.5,2021.5,29,1139161.458
749,7/18/21,5.4,47.77877261,11683.98532,10194421,27501.72141,13657080,24129.64397,10995,0,0,0,0,21177.00005,1280412,2021_29,2.33,541721,23550.42,15821.9,2021.5,2021.5,29,1134136.642
750,7/19/21,5.4,50.54663242,11481.61447,9659278,23782.14863,11782682,21782.23679,9491,0,0,0,0,20911.01189,1104449,2021_29,2.24,541721,23550.42,15821.9,2021.5,2021.5,29,1159945.255
751,7/20/21,5.4,61.825691,10654.4613,10933591,21847.79438,11868631,21662.68186,9782,0,0,0,0,21300.37838,1188965,2021_29,2.26,541721,23550.42,15821.9,2021.5,2021.5,29,1140066.529
752,7/21/21,5.4,67.73313728,10586.89913,11060420,26347.95273,13310272,26118.24436,11386,0,0,0,0,19679.837,1039199,2021_29,2.28,541721,23550.42,15821.9,2021.5,2021.5,29,1145701.198
753,7/22/21,5.4,55.64078766,10898.09892,9079518,21812.87773,10126940,25576.94822,11618,0,0,0,0,23382.09094,1260524,2021_30,2.28,541721,23550.42,15821.9,2021.5,2021.5,30,1136283.521
754,7/23/21,5.4,56.51104967,11529.53736,10455216,23326.62934,10613416,20314.20848,8710,0,0,0,0,20210.69786,1410501,2021_30,2.35,541721,23550.42,15821.9,2021.5,2021.5,30,1135713.308
755,7/24/21,5.4,55.98082063,10693.76356,10347684,30336.79677,16696257,20559.92603,9457,0,0,0,0,19192.68563,1127763,2021_30,2.35,541721,23550.42,15821.9,2021.5,2021.5,30,1142410.365
756,7/25/21,5.4,58.33578089,11746.8303,11718702,23853.39566,13794439,24410.50412,10769,0,0,0,0,18829.47965,996692,2021_30,2.35,541721,23550.42,15821.9,2021.5,2021.5,30,1121175.578
757,7/26/21,5.4,79.11632249,10972.11137,10215985,27556.3344,14640259,20884.81737,8880,28405.48197,6902318,12492.1263,1054662,19392.59486,1522308,2021_30,2.4,541721,23550.42,15821.9,2021.5,2021.5,30,1170690.82
758,7/27/21,5.4,68.12733093,10849.47538,10135247,26539.49271,12046451,25711.05399,11498,26148.67499,6593197,12074.65944,1015578,19845.30122,1408570,2021_30,2.38,541721,23550.42,15821.9,2021.5,2021.5,30,1136696.136
759,7/28/21,5.4,81.88558168,10954.52557,8959084,25677.46218,12572973,23844.67343,10321,23045.79862,5495918,12101.88652,976336,20946.69742,1296846,2021_30,2.41,541721,23550.42,15821.9,2021.5,2021.5,30,1139625.091
760,7/29/21,5.4,81.37084617,11115.68731,10713354,26933.68239,11998894,25944.23199,11370,28013.472,6880932,11820.58457,856209,19929.12807,982528,2021_31,2.43,541721,23550.42,15821.9,2021.5,2021.5,31,1159478.58
761,7/30/21,5.4,86.57491792,11583.03639,11130618,24113.26027,12675919,23220.75159,10568,25587.43178,6265863,12305.17789,1068715,18671.99567,1254307,2021_31,2.4,541721,23550.42,15821.9,2021.5,2021.5,31,1142395.419
762,7/31/21,5.4,77.72302007,11395.68044,9960715,25236.91895,12119657,25325.68142,11275,29085.54338,6934452,12019.6468,1236994,20066.9906,1119028,2021_31,2.4,541721,23550.42,15821.9,2021.5,2021.5,31,1170940.336
763,8/1/21,5.2,79.99041807,11224.7585,9869030,22780.05908,11218131,21981.43936,9620,25398.79433,6256118,12322.05848,820271,20270.26171,1140735,2021_31,2.4,547399,23550.42,15802.4,2021.583333,2021.5,31,1183870.239
764,8/2/21,5.2,83.35516567,11376.28498,9996414,28698.00224,13201213,21808.51776,9558,24073.32764,5819195,12055.80374,1162045,18809.81132,1202855,2021_31,2.37,547399,23550.42,15802.4,2021.583333,2021.5,31,1149245.53
765,8/3/21,5.2,62.54343347,11104.3502,9806193,24146.85661,12221712,21601.25353,8903,26854.06497,6438944,12355.94254,1272021,20546.98401,1461417,2021_31,2.38,547399,23550.42,15802.4,2021.583333,2021.5,31,1145918.949
766,8/4/21,5.2,84.8194482,10511.97304,10187296,24707.19879,11348519,25652.45917,11450,26171.86212,6447165,11908.15205,1060108,20631.43941,1773225,2021_31,2.35,547399,23550.42,15802.4,2021.583333,2021.5,31,1176210.561
767,8/5/21,5.2,81.24277744,11256.37997,8595049,25268.69252,11519663,22366.42726,10161,23045.27573,5596284,12516.80018,1036147,17831.44206,1350871,2021_32,2.33,547399,23550.42,15802.4,2021.583333,2021.5,32,1150328.086
768,8/6/21,5.2,74.06254349,11345.80165,10027367,27385.71897,12335706,25290.69737,11268,24455.63646,5982020,12077.31189,892734,19832.71508,1181606,2021_32,2.37,547399,23550.42,15802.4,2021.583333,2021.5,32,1166146.044
769,8/7/21,5.2,68.63985967,11192.71792,11166075,21989.37932,9239926,24607.91094,11391,24281.19539,5919206,11892.09747,1243936,19423.18464,1068753,2021_32,2.37,547399,23550.42,15802.4,2021.583333,2021.5,32,1149973.775
770,8/8/21,5.2,61.73509389,10834.11374,9068730,25255.89693,12704284,25187.90463,11224,28956.24567,6950985,11948.76919,948909,19798.76641,1160250,2021_32,2.37,547399,23550.42,15802.4,2021.583333,2021.5,32,1158426.966
771,8/9/21,5.2,72.85505829,11329.98244,10243778,22883.87065,10953930,20480.82811,8787,0,0,12379.41692,1069012,21142.04613,1368608,2021_32,2.37,547399,23550.42,15802.4,2021.583333,2021.5,32,1131701.515
772,8/10/21,5.2,82.5239668,10483.24886,9316921,26091.49999,10823502,26253.51291,12374,0,0,12125.99723,1232726,20555.24017,1194808,2021_32,2.4,547399,23550.42,15802.4,2021.583333,2021.5,32,1144636.329
773,8/11/21,5.2,76.46717398,11883.57184,10911150,26884.43943,12840723,22647.04799,9958,0,0,11769.17252,954375,18487.84475,1252636,2021_32,2.42,547399,23550.42,15802.4,2021.583333,2021.5,32,1155179.602
774,8/12/21,5.2,86.55749195,10735.7482,10022388,24082.29777,13577745,21587.90052,9516,0,0,11986.66117,1355163,23109.72631,1480435,2021_33,2.41,547399,23550.42,15802.4,2021.583333,2021.5,33,1199027.853
775,8/13/21,5.2,72.85001524,10671.78697,10492529,21829.36587,10282337,21749.73371,9815,0,0,11960.4294,1237979,21827.96233,1112137,2021_33,2.37,547399,23550.42,15802.4,2021.583333,2021.5,33,1131214.793
776,8/14/21,5.2,71.71451746,11648.75748,10094266,27614.13444,11514608,25630.60953,11316,0,0,11873.76188,1088973,22104.73773,1418245,2021_33,2.37,547399,23550.42,15802.4,2021.583333,2021.5,33,1185751.647
777,8/15/21,5.2,78.00734845,10827.16001,9883518,26953.12859,14932557,21387.25932,8605,0,0,12124.6345,1341024,19516.75653,1270391,2021_33,2.37,547399,23550.42,15802.4,2021.583333,2021.5,33,1172844.006
778,8/16/21,5.2,57.30921449,10676.77926,9209893,25397.94369,13006205,22083.26004,10028,0,0,11999.96328,889660,17730.10221,764834,2021_33,2.36,547399,23550.42,15802.4,2021.583333,2021.5,33,1140947.567
779,8/17/21,5.2,60.84865475,10616.67035,10959462,23854.33719,12045199,23785.4721,10578,0,0,11783.05825,810434,15375.94593,874945,2021_33,2.33,547399,23550.42,15802.4,2021.583333,2021.5,33,1142647.975
780,8/18/21,5.2,62.46252967,11461.78473,11286031,23029.68756,11873351,24743.23012,10985,0,0,11899.08447,1097459,22326.21082,1672910,2021_33,2.32,547399,23550.42,15802.4,2021.583333,2021.5,33,1159811.599
781,8/19/21,5.2,58.24430451,11173.19776,10508303,26383.76492,12605541,22719.19181,10108,0,0,11998.86566,1036736,17411.32174,1237679,2021_34,2.28,547399,23550.42,15802.4,2021.583333,2021.5,34,1148086.356
782,8/20/21,5.2,54.97503003,10560.10322,8619615,23164.95613,11365565,19165.36878,8622,0,0,11729.35484,1079403,20236.36482,1006109,2021_34,2.27,547399,23550.42,15802.4,2021.583333,2021.5,34,1148684.546
783,8/21/21,5.2,64.94814085,10564.09313,9838689,24194.5524,10583594,25965.69839,11315,0,0,12097.53711,1283310,18962.43538,1126537,2021_34,2.27,547399,23550.42,15802.4,2021.583333,2021.5,34,1158670.325
784,8/22/21,5.2,61.31820806,11340.70411,10399122,28214.03473,12325092,22316.37829,9367,0,0,12121.73521,994251,19845.67783,1253704,2021_34,2.27,547399,23550.42,15802.4,2021.583333,2021.5,34,1165214.184
785,8/23/21,5.2,69.40007655,10779.23024,9584447,25064.08554,13416267,21855.36086,10149,32383.191,7851302,0,0,18100.71644,1444515,2021_34,2.27,547399,23550.42,15802.4,2021.583333,2021.5,34,1149821.597
786,8/24/21,5.2,66.75113188,10710.85453,8674390,24282.46878,11602901,21437.90601,9852,26322.64036,6486653,0,0,19600.29423,1258883,2021_34,2.3,547399,23550.42,15802.4,2021.583333,2021.5,34,1148979.303
787,8/25/21,5.2,54.57157205,10957.38486,9775879,22963.30584,12218191,21294.86228,9366,29617.01714,7342426,0,0,19672.10803,1036363,2021_34,2.35,547399,23550.42,15802.4,2021.583333,2021.5,34,1140380.082
788,8/26/21,5.2,66.64632906,10194.57153,9535673,22251.47887,11284747,20212.62547,8597,26247.34319,6369377,0,0,22005.27462,1484636,2021_35,2.33,547399,23550.42,15802.4,2021.583333,2021.5,35,1118545.557
789,8/27/21,5.2,50.42969521,10418.8428,10024308,29134.17429,13145083,20504.32808,9628,21130.79231,4961717,0,0,20819.38603,1645185,2021_35,2.39,547399,23550.42,15802.4,2021.583333,2021.5,35,1140524.385
790,8/28/21,5.2,59.43529708,11138.05315,13467838,21985.20519,10535852,19286.89419,8666,24617.74137,5837512,0,0,20231.65252,1155764,2021_35,2.39,547399,23550.42,15802.4,2021.583333,2021.5,35,1146379.176
791,8/29/21,5.2,46.79192896,10332.98155,9139528,21810.42267,10188578,22643.98655,10480,32491.03241,7870213,0,0,19271.45295,1188779,2021_35,2.39,547399,23550.42,15802.4,2021.583333,2021.5,35,1148140.813
792,8/30/21,5.2,47.04751682,11015.77237,9341797,23066.95538,11300229,22527.4661,9782,25945.11352,6369602,0,0,22802.66258,1411556,2021_35,2.37,547399,23550.42,15802.4,2021.583333,2021.5,35,1138507.404
793,8/31/21,5.2,48.35036021,10856.60326,10800392,26309.34083,14251256,23058.11683,10458,34480.27133,8372269,0,0,16627.09156,1131646,2021_35,2.33,547399,23550.42,15802.4,2021.583333,2021.5,35,1165601.041
794,9/1/21,4.7,64.2010191,11550.30837,9155317,24662.38731,12680103,23405.47374,10623,22587.85386,5400451,0,0,21477.58201,1542765,2021_35,2.34,553696,23550.42,15580.2,2021.666667,2021.5,35,1159796.67
795,9/2/21,4.7,53.06013716,10704.28488,9966618,27082.31184,12816172,24258.85075,10692,21105.81247,5109965,0,0,20023.47907,1184696,2021_36,2.32,553696,23550.42,15580.2,2021.666667,2021.5,36,1160283.156
796,9/3/21,4.7,68.00233155,10764.58231,9809521,27891.4672,13305264,22657.19136,9307,26192.16365,6366335,0,0,21607.26491,1234892,2021_36,2.34,553696,23550.42,15580.2,2021.666667,2021.5,36,1143930.196
797,9/4/21,4.7,46.34091525,10932.82747,9544358,25519.67268,11249931,22917.21257,10852,27123.87167,6582543,0,0,20629.18391,1115337,2021_36,2.34,553696,23550.42,15580.2,2021.666667,2021.5,36,1140056.131
798,9/5/21,4.7,71.16180421,11084.1684,9518933,25688.41566,11920892,25243.97465,11141,24173.95909,5878252,0,0,21297.46912,1544867,2021_36,2.34,553696,23550.42,15580.2,2021.666667,2021.5,36,1151140.719
799,9/6/21,4.7,65.34749198,10637.29403,11048804,28841.01803,13851898,21756.0637,9757,0,0,11903.89388,871010,18059.49662,1055597,2021_36,2.34,553696,23550.42,15580.2,2021.666667,2021.5,36,1164804.077
800,9/7/21,4.7,53.71179865,11342.24598,10729977,26379.9399,13202963,26013.71526,11846,0,0,12205.91522,1081163,16552.03927,1084215,2021_36,2.36,553696,23550.42,15580.2,2021.666667,2021.5,36,1136681.925
801,9/8/21,4.7,46.47877607,11099.3749,9799080,23872.12092,11377747,22903.71449,9326,0,0,11447.51122,891271,21356.12903,1058655,2021_36,2.38,553696,23550.42,15580.2,2021.666667,2021.5,36,1147200.759
802,9/9/21,4.7,66.02747575,11013.65785,8839861,25305.92408,11834791,22773.9558,10636,0,0,11994.11234,958674,21124.86856,1394985,2021_37,2.38,553696,23550.42,15580.2,2021.666667,2021.5,37,1134560.596
803,9/10/21,4.7,60.28311502,11355.24089,10622051,26116.24853,13108538,24137.3088,11020,0,0,12229.79494,854260,18399.96779,903627,2021_37,2.4,553696,23550.42,15580.2,2021.666667,2021.5,37,1146888.786
804,9/11/21,4.7,73.87537174,11447.0714,11153299,24323.86102,11941773,24989.24112,10986,0,0,11635.5078,1166948,19845.81243,1222643,2021_37,2.4,553696,23550.42,15580.2,2021.666667,2021.5,37,1163245.92
805,9/12/21,4.7,52.385608,10637.79082,9570452,24658.71893,11054961,25649.8451,12452,0,0,11729.58678,1216626,21353.59068,1243135,2021_37,2.4,553696,23550.42,15580.2,2021.666667,2021.5,37,1167841.693
806,9/13/21,4.7,64.20922551,10738.80335,10470312,22100.87334,11373460,25642.64714,10944,0,0,12283.94978,934564,21109.08835,1371327,2021_37,2.37,553696,23550.42,15580.2,2021.666667,2021.5,37,1144737.399
807,9/14/21,4.7,77.57837885,10562.81889,10467259,26086.13075,12272412,21131.26517,9837,0,0,11954.91204,1100410,16620.73354,1148731,2021_37,2.33,553696,23550.42,15580.2,2021.666667,2021.5,37,1165535.224
808,9/15/21,4.7,73.51431545,11210.38576,10769320,22644.81704,10053787,24637.24685,11145,0,0,12262.73651,1141272,21411.35995,1196474,2021_37,2.35,553696,23550.42,15580.2,2021.666667,2021.5,37,1138798.109
809,9/16/21,4.7,63.60776539,11068.72701,10894612,21488.4944,10476648,26815.18728,12307,0,0,12109.95592,945829,18626.01717,1273198,2021_38,2.35,553696,23550.42,15580.2,2021.666667,2021.5,38,1137776.575
810,9/17/21,4.7,72.57929591,10544.10103,10664926,24171.15965,11613885,21345.595,9353,0,0,12475.22031,1220001,20936.25179,1336208,2021_38,2.33,553696,23550.42,15580.2,2021.666667,2021.5,38,1126613.402
811,9/18/21,4.7,81.63766644,10926.08415,10931815,26259.0364,11744382,23196.71225,10162,0,0,11821.20283,1013839,0,0,2021_38,2.33,553696,23550.42,15580.2,2021.666667,2021.5,38,1147098.69
812,9/19/21,4.7,70.75353072,11190.11841,11801283,24392.90062,11546189,23489.04565,9793,0,0,11988.23794,825294,0,0,2021_38,2.33,553696,23550.42,15580.2,2021.666667,2021.5,38,1129130.143
813,9/20/21,4.7,68.59216686,10773.16879,8560465,25400.47888,12578546,24316.91276,11075,30255.89011,7196620,11535.05232,936595,0,0,2021_38,2.29,553696,23550.42,15580.2,2021.666667,2021.5,38,1149282.894
814,9/21/21,4.7,75.80991826,10778.80143,8659512,22906.94748,11864469,23567.38362,9796,32915.87172,7695812,12639.35074,975528,0,0,2021_38,2.29,553696,23550.42,15580.2,2021.666667,2021.5,38,1139668.134
815,9/22/21,4.7,72.25303764,10528.1591,8244423,24179.82205,11514115,23849.06859,10777,29979.52536,7084233,11886.68574,875322,0,0,2021_38,2.28,553696,23550.42,15580.2,2021.666667,2021.5,38,1136667.629
816,9/23/21,4.7,84.47580805,10735.19475,10867175,22521.04721,11082147,20144.35265,10078,23547.22987,5594577,11950.91333,1194861,0,0,2021_39,2.31,553696,23550.42,15580.2,2021.666667,2021.5,39,1169827.23
817,9/24/21,4.7,65.88135592,11334.73157,11314806,23156.07248,11034009,23727.12042,10860,39075.25746,9236644,12113.08981,944732,0,0,2021_39,2.34,553696,23550.42,15580.2,2021.666667,2021.5,39,1139931.78
818,9/25/21,4.7,80.29642992,10376.81102,9729887,25014.95596,12517651,20670.62102,8813,30915.4517,7580846,11749.44437,945359,0,0,2021_39,2.34,553696,23550.42,15580.2,2021.666667,2021.5,39,1153888.917
819,9/26/21,4.7,62.01616913,11177.33756,13135373,28086.06436,13246483,22247.64696,9737,28506.38129,6968250,11992.48599,1442233,0,0,2021_39,2.34,553696,23550.42,15580.2,2021.666667,2021.5,39,1161223.851
820,9/27/21,4.7,70.9477141,10735.57059,10234429,25346.75618,12584020,21616.25413,9776,32863.75707,8002037,11729.82219,910083,0,0,2021_39,2.35,553696,23550.42,15580.2,2021.666667,2021.5,39,1160564.636
821,9/28/21,4.7,88.42116667,11434.19322,12341249,25444.54905,11515194,21586.12228,9354,35577.03328,8765665,12054.41238,925152,0,0,2021_39,2.38,553696,23550.42,15580.2,2021.666667,2021.5,39,1153739.123
822,9/29/21,4.7,61.86825866,11095.26968,11644450,24932.73172,11071144,21828.1091,9461,24503.23789,6141272,12320.01358,1261698,0,0,2021_39,2.37,553696,23550.42,15580.2,2021.666667,2021.5,39,1129357.312
823,9/30/21,4.7,63.2920365,11089.04636,10186154,21842.68346,11165054,25723.71307,11186,28199.24677,6823291,12168.53359,1175292,0,0,2021_40,2.37,553696,23550.42,15580.2,2021.666667,2021.5,40,1131379.713
824,10/1/21,4.6,66.47803982,11141.40024,9204615,24909.04566,10796595,22266.05265,9744,27176.11756,6540649,11865.34748,873513,0,0,2021_40,2.38,562296,24349.121,15584.9,2021.75,2021.75,40,1154674.498
825,10/2/21,4.6,87.66613652,10570.57195,9953983,23826.53328,10833331,22202.68085,9593,20094.09179,4694513,12183.77863,1006718,0,0,2021_40,2.38,562296,24349.121,15584.9,2021.75,2021.75,40,1179133.536
826,10/3/21,4.6,72.77841381,11293.47035,11848699,27707.53188,12711100,24892.95668,12281,27710.04189,6694514,12225.80596,780787,0,0,2021_40,2.38,562296,24349.121,15584.9,2021.75,2021.75,40,1168812.562
827,10/4/21,4.6,75.66384932,11275.32713,10767631,20789.61929,11378755,21906.31438,9971,0,0,0,0,0,0,2021_40,2.38,562296,24349.121,15584.9,2021.75,2021.75,40,1162919.038
828,10/5/21,4.6,57.25708267,9965.182804,8478113,21700.15671,10341289,21802.70519,9882,0,0,0,0,0,0,2021_40,2.45,562296,24349.121,15584.9,2021.75,2021.75,40,1132177.654
829,10/6/21,4.6,64.01999761,11704.30795,10357812,29161.28021,13834699,20872.00843,9069,0,0,0,0,0,0,2021_40,2.43,562296,24349.121,15584.9,2021.75,2021.75,40,1168032.154
830,10/7/21,4.6,82.5049534,11434.42588,10005204,26210.30444,11690718,23774.47166,10711,0,0,0,0,0,0,2021_41,2.46,562296,24349.121,15584.9,2021.75,2021.75,41,1120649.185
831,10/8/21,4.6,74.92429751,11369.42524,9326266,24054.73564,12647959,23517.78504,10114,0,0,0,0,0,0,2021_41,2.5,562296,24349.121,15584.9,2021.75,2021.75,41,1160884.034
832,10/9/21,4.6,54.42112829,11206.26467,8197587,27114.87464,14063257,22626.27274,9289,0,0,0,0,0,0,2021_41,2.5,562296,24349.121,15584.9,2021.75,2021.75,41,1137893.174
833,10/10/21,4.6,74.00391499,10500.4389,9436367,23807.06882,10741698,23047.3274,10499,0,0,0,0,0,0,2021_41,2.5,562296,24349.121,15584.9,2021.75,2021.75,41,1166286.744
834,10/11/21,4.6,53.54617851,11170.72688,9305753,22784.87278,10235364,20509.65726,9420,0,0,0,0,0,0,2021_41,2.5,562296,24349.121,15584.9,2021.75,2021.75,41,1147812.121
835,10/12/21,4.6,60.41434277,10876.82015,9784380,25728.70311,12171219,25212.74274,11518,0,0,0,0,0,0,2021_41,2.49,562296,24349.121,15584.9,2021.75,2021.75,41,1138317.897
836,10/13/21,4.6,73.78332592,10473.84681,10477147,23028.32818,9518291,20364.55129,9170,0,0,0,0,0,0,2021_41,2.52,562296,24349.121,15584.9,2021.75,2021.75,41,1162359.668
837,10/14/21,4.6,62.26641687,10556.42847,9703071,26428.2835,11470073,25698.47345,11801,0,0,0,0,0,0,2021_42,2.52,562296,24349.121,15584.9,2021.75,2021.75,42,1154830.952
838,10/15/21,4.6,46.1610336,10548.63535,9013308,23435.98397,11829806,22169.5346,9458,0,0,0,0,0,0,2021_42,2.56,562296,24349.121,15584.9,2021.75,2021.75,42,1152938.107
839,10/16/21,4.6,71.95165677,10345.59724,7961095,23911.20279,10499567,22601.98602,9850,0,0,0,0,0,0,2021_42,2.56,562296,24349.121,15584.9,2021.75,2021.75,42,1142848.421
840,10/17/21,4.6,65.6350571,11798.01994,9616512,27599.58677,12716045,27733.92664,12292,0,0,0,0,0,0,2021_42,2.56,562296,24349.121,15584.9,2021.75,2021.75,42,1169416.22
841,10/18/21,4.6,45.63515629,11271.81383,9736710,24763.82589,10638543,23073.73717,10357,31341.32833,7562378,12054.10506,949682,17277.31845,1098726,2021_42,2.54,562296,24349.121,15584.9,2021.75,2021.75,42,1166995.621
842,10/19/21,4.6,53.07684255,10422.81345,8035623,24487.06913,11953157,21473.29104,9450,24993.23695,6103980,11784.92099,947358,21435.15135,1517172,2021_42,2.54,562296,24349.121,15584.9,2021.75,2021.75,42,1155812.897
843,10/20/21,4.6,55.87899224,11398.99,11840456,23380.30552,11178840,22342.53793,9471,27359.3211,6591291,11903.58005,1073437,19535.06902,1334578,2021_42,2.57,562296,24349.121,15584.9,2021.75,2021.75,42,1168147.007
844,10/21/21,4.6,61.06976437,11276.28981,11397525,24213.89085,12592725,25277.76677,11428,29900.50543,7401554,11675.57635,1089063,16979.52972,1081598,2021_43,2.64,562296,24349.121,15584.9,2021.75,2021.75,43,1175915.647
845,10/22/21,4.6,64.03391616,10649.83125,10729466,24760.81714,13943550,18617.6789,8658,34747.67963,8502344,12012.88,764975,21340.96276,1276445,2021_43,2.64,562296,24349.121,15584.9,2021.75,2021.75,43,1188721.274
846,10/23/21,4.6,64.70542667,10750.3981,9528140,27519.42984,12164695,19925.10374,9365,26754.61767,6509013,12004.88455,882518,19133.61504,1372593,2021_43,2.64,562296,24349.121,15584.9,2021.75,2021.75,43,1175528.589
847,10/24/21,4.6,44.38250725,10816.28867,9167159,26113.58193,11453209,21139.29035,9233,33080.52903,8101687,12099.33641,1172430,19139.81988,1188466,2021_43,2.64,562296,24349.121,15584.9,2021.75,2021.75,43,1159448.608
848,10/25/21,4.6,47.20793707,11598.80714,9079010,27525.04176,13033926,23242.06313,10560,30714.06929,7568124,12068.40554,1064613,17850.68877,923304,2021_43,2.66,562296,24349.121,15584.9,2021.75,2021.75,43,1180164.589
849,10/26/21,4.6,43.94435329,11102.34151,10172521,24839.99116,11189342,24875.33294,11519,19723.10689,4691620,11804.75102,1120013,22693.16274,1428818,2021_43,2.69,562296,24349.121,15584.9,2021.75,2021.75,43,1164496.712
850,10/27/21,4.6,50.20965552,10735.00853,9674837,24183.06834,11735675,25929.02258,11322,22175.02191,5454830,11901.85389,1025125,19118.79532,1119307,2021_43,2.65,562296,24349.121,15584.9,2021.75,2021.75,43,1157803.147
851,10/28/21,4.6,69.72100416,11616.25694,9890005,23718.13702,12383082,25350.77511,11696,25776.42262,6275624,12047.79645,838345,19344.52802,869411,2021_44,2.57,562296,24349.121,15584.9,2021.75,2021.75,44,1174269.452
852,10/29/21,4.6,45.02550918,11700.70674,9516935,24689.85254,11441454,24131.20882,10618,22719.05101,5530374,12475.34086,1038718,17682.67843,1137865,2021_44,2.51,562296,24349.121,15584.9,2021.75,2021.75,44,1149055.446
853,10/30/21,4.6,52.26169393,10775.41045,10124401,25940.27874,12027685,24760.38808,10891,28287.18725,6937493,11678.54426,1250722,19064.60777,1141391,2021_44,2.51,562296,24349.121,15584.9,2021.75,2021.75,44,1160966.955
854,10/31/21,4.6,51.60749439,10747.63035,9398024,26418.18697,13110797,22047.00645,9186,26535.20806,6423806,12045.0966,1208659,19958.49736,1139743,2021_44,2.51,562296,24349.121,15584.9,2021.75,2021.75,44,1162816.858
855,11/1/21,4.2,52.16268417,10480.52031,10286746,23680.37301,12147391,22813.06011,10649,0,0,11662.59284,878220,18785.24312,1081651,2021_44,2.5,565690,24349.121,15543.5,2021.833333,2021.75,44,1184348.04
856,11/2/21,4.2,67.2479724,10987.36487,9559683,26577.89474,12919504,23957.36716,10238,0,0,12159.46248,927780,17207.77841,1440009,2021_44,2.51,565690,24349.121,15543.5,2021.833333,2021.75,44,1154063.846
857,11/3/21,4.2,63.87142889,10774.45592,8221894,29517.06421,16238543,22854.57707,10081,0,0,11769.23119,810837,24426.61619,1565042,2021_44,2.53,565690,24349.121,15543.5,2021.833333,2021.75,44,1161817.363
858,11/4/21,4.2,70.88550719,10892.18515,9667927,27406.5258,13392127,23948.21006,10674,0,0,12213.73823,980904,21833.50286,1604119,2021_45,2.56,565690,24349.121,15543.5,2021.833333,2021.75,45,1165142.789
859,11/5/21,4.2,60.79233257,10806.63011,10619859,27808.7348,13781567,21842.88166,9867,0,0,11633.29265,1155024,17353.26183,1168953,2021_45,2.54,565690,24349.121,15543.5,2021.833333,2021.75,45,1185787.132
860,11/6/21,4.2,81.28138677,11416.35301,9003058,23689.98449,10413551,23656.32652,11035,0,0,11739.39521,1040553,19389.73928,1188709,2021_45,2.54,565690,24349.121,15543.5,2021.833333,2021.75,45,1163135.609
861,11/7/21,4.2,63.11574384,11764.82332,10919802,23033.87799,11032517,21531.05886,9564,0,0,11891.18086,850821,20455.58954,1249054,2021_45,2.54,565690,24349.121,15543.5,2021.833333,2021.75,45,1155766.041
862,11/8/21,4.2,70.89483481,11770.13966,12017415,29121.68738,14109203,24120.5695,11220,0,0,12224.89165,888809,23889.05581,1323557,2021_45,2.62,565690,24349.121,15543.5,2021.833333,2021.75,45,1191036.601
863,11/9/21,4.2,59.416877,11304.9862,10363733,25523.31893,13317535,24642.01624,11402,0,0,12274.41076,1487340,15917.01754,1435818,2021_45,2.63,565690,24349.121,15543.5,2021.833333,2021.75,45,1202500.458
864,11/10/21,4.2,77.22548371,10650.71042,8967228,21557.05246,10249048,23025.59176,11083,0,0,11671.09338,1052329,20349.54836,1335777,2021_45,2.7,565690,24349.121,15543.5,2021.833333,2021.75,45,1153965.168
865,11/11/21,4.2,64.21799441,10988.37089,11256291,26455.99499,12193054,21712.07906,9162,0,0,11521.50498,939168,20298.02504,1092576,2021_46,2.7,565690,24349.121,15543.5,2021.833333,2021.75,46,1172811.916
866,11/12/21,4.2,74.75158304,10781.24787,9070682,27535.94352,12050764,19261.65584,7867,0,0,12151.09538,748673,23145.10334,1437173,2021_46,2.73,565690,24349.121,15543.5,2021.833333,2021.75,46,1158711.01
867,11/13/21,4.2,83.0423898,10729.22881,10948868,26459.12071,12263916,21325.1573,9758,0,0,11794.79028,1003372,19137.21887,1178651,2021_46,2.73,565690,24349.121,15543.5,2021.833333,2021.75,46,1187326.39
868,11/14/21,4.2,69.91773523,10849.9455,8656354,26446.19347,12760235,23630.61694,9692,0,0,11953.69002,844275,17983.84261,1064055,2021_46,2.73,565690,24349.121,15543.5,2021.833333,2021.75,46,1173422.493
869,11/15/21,4.2,80.92398986,11703.10815,10909914,27855.78224,13159389,20955.42858,9162,28059.20471,6789243,0,0,19896.52494,1032298,2021_46,2.76,565690,24349.121,15543.5,2021.833333,2021.75,46,1179761.464
870,11/16/21,4.2,83.49403495,11080.85265,9394912,28502.56999,14508240,22773.85291,9795,24958.88748,5859858,0,0,18519.79378,1209868,2021_46,2.73,565690,24349.121,15543.5,2021.833333,2021.75,46,1175568.538
871,11/17/21,4.2,69.3159919,11752.55076,12743587,23728.20625,10409693,19683.09914,7958,18504.74534,4523310,0,0,18210.42666,1024733,2021_46,2.7,565690,24349.121,15543.5,2021.833333,2021.75,46,1181475.005
872,11/18/21,4.2,80.98256875,11040.01031,9590352,27593.51669,14796516,23491.8145,10319,22098.30886,5184063,0,0,21098.7901,1407890,2021_47,2.73,565690,24349.121,15543.5,2021.833333,2021.75,47,1199579.756
873,11/19/21,4.2,89.60346706,10958.51818,9682482,23417.02032,10774974,23840.90931,10629,29381.99747,6915444,0,0,19667.94846,1153580,2021_47,2.65,565690,24349.121,15543.5,2021.833333,2021.75,47,1156682.169
874,11/20/21,4.2,76.96817258,10241.63477,8866985,28046.37832,13272492,24563.20253,10798,30153.2323,7374313,0,0,21359.25887,1177881,2021_47,2.65,565690,24349.121,15543.5,2021.833333,2021.75,47,1158326.154
875,11/21/21,4.2,87.14997702,11060.9967,9945372,25573.9212,12056257,23791.159,10238,32069.06251,7910095,0,0,20186.05662,1514341,2021_47,2.65,565690,24349.121,15543.5,2021.833333,2021.75,47,1167027.573
876,11/22/21,4.2,66.32999287,10939.25458,8992064,23772.67474,12278000,24136.58832,10628,31809.48656,7430169,0,0,24042.25042,1584809,2021_47,2.61,565690,24349.121,15543.5,2021.833333,2021.75,47,1173288.429
877,11/23/21,4.2,66.26922986,10569.87744,10570928,27776.33677,13725888,25214.46077,11420,31005.20769,7610778,0,0,20716.74795,1310757,2021_47,2.62,565690,24349.121,15543.5,2021.833333,2021.75,47,1188914.92
878,11/24/21,4.2,72.57563787,11208.28471,11463931,25627.40347,12323383,24596.87733,11207,22048.14422,5331662,0,0,19680.39341,1155340,2021_47,2.61,565690,24349.121,15543.5,2021.833333,2021.75,47,1163699.937
879,11/25/21,4.2,71.02499078,12025.5016,11882662,30465.75861,13684131,22303.27281,10208,30904.59787,7596876,0,0,20219.57967,1038465,2021_48,2.61,565690,24349.121,15543.5,2021.833333,2021.75,48,1201364.042
880,11/26/21,4.2,79.03375516,10459.3285,8508976,25796.9449,12498884,24189.70692,10943,21949.78863,5236088,0,0,21631.52506,1490828,2021_48,2.55,565690,24349.121,15543.5,2021.833333,2021.75,48,1191186.296
881,11/27/21,4.2,56.06218408,10835.29076,10290975,26834.92612,12243339,23081.83074,9980,19117.20726,4663277,0,0,19933.23256,1166737,2021_48,2.55,565690,24349.121,15543.5,2021.833333,2021.75,48,1172886.581
882,11/28/21,4.2,75.93144179,10725.15924,10768415,22222.30166,10125267,25947.86901,11530,24246.40466,5701461,0,0,19552.57506,1412047,2021_48,2.55,565690,24349.121,15543.5,2021.833333,2021.75,48,1183610.044
883,11/29/21,4.2,77.00079645,10854.77896,10461286,24580.94179,12150463,25105.03662,11316,0,0,12321.78413,915696,20270.7204,1407919,2021_48,2.54,565690,24349.121,15543.5,2021.833333,2021.75,48,1166959.146
884,11/30/21,4.2,61.35203224,10774.67304,10784606,22485.55257,12570105,21390.30186,9447,0,0,11981.25515,1183059,17646.58656,1445883,2021_48,2.5,565690,24349.121,15543.5,2021.833333,2021.75,48,1181169.785
885,12/1/21,3.9,71.27123105,10561.49092,8451547,25476.02849,11340102,21185.96143,9352,0,0,11677.97069,769881,20603.49788,1161699,2021_48,2.44,556810,24349.121,15483.6,2021.916667,2021.75,48,1161025.487
886,12/2/21,3.9,57.18498844,11263.461,13022612,21680.95748,9652002,24349.27598,9769,0,0,11972.64164,1037358,19985.35468,989998,2021_49,2.47,556810,24349.121,15483.6,2021.916667,2021.75,49,1161057.689
887,12/3/21,3.9,57.62869578,10785.97745,9402204,26279.61501,12385819,22772.94606,10205,0,0,12208.13189,901720,22755.21033,1468559,2021_49,2.43,556810,24349.121,15483.6,2021.916667,2021.75,49,1166295.863
888,12/4/21,3.9,67.32778602,11223.00428,10157090,24318.26422,11441405,19170.0036,8440,0,0,12025.51944,1052517,18282.84555,1494439,2021_49,2.43,556810,24349.121,15483.6,2021.916667,2021.75,49,1174066.447
889,12/5/21,3.9,58.62239832,10975.94466,10320103,23934.58229,11970311,20959.34848,9004,0,0,11897.28558,1157075,18264.87532,1050396,2021_49,2.43,556810,24349.121,15483.6,2021.916667,2021.75,49,1175383.578
890,12/6/21,3.9,69.66742072,10729.3105,8791603,22577.69792,11147221,19613.08446,8790,0,0,11645.76312,1234339,18395.92454,862906,2021_49,2.44,556810,24349.121,15483.6,2021.916667,2021.75,49,1170752.887
891,12/7/21,3.9,59.85098214,11036.99189,9527448,20233.74718,8704156,24177.21982,10618,0,0,11903.5859,894474,19699.64494,1309965,2021_49,2.47,556810,24349.121,15483.6,2021.916667,2021.75,49,1164852.796
892,12/8/21,3.9,59.44165176,11417.60516,9605372,26734.9616,13212397,20995.02854,9579,0,0,11891.33022,1024792,18117.21436,1125174,2021_49,2.52,556810,24349.121,15483.6,2021.916667,2021.75,49,1179041.137
893,12/9/21,3.9,67.0879993,10341.60253,9562125,24891.78187,11397193,25183.97416,11975,0,0,11709.94846,928707,20457.38982,1564031,2021_50,2.47,556810,24349.121,15483.6,2021.916667,2021.75,50,1165863.735
894,12/10/21,3.9,53.41476315,11813.69314,11521837,25219.28105,11561587,20237.30902,8520,0,0,12110.11812,1132291,21397.11209,1402771,2021_50,2.44,556810,24349.121,15483.6,2021.916667,2021.75,50,1180509.34
895,12/11/21,3.9,47.08552964,10309.00328,10843680,23122.23314,10292444,21225.581,9487,0,0,11934.75965,1039937,20867.61436,1325615,2021_50,2.44,556810,24349.121,15483.6,2021.916667,2021.75,50,1150507.796
896,12/12/21,3.9,47.45292817,10833.18719,9642029,25097.73229,11230233,20543.02089,9376,0,0,12166.31093,903520,23402.46467,1542383,2021_50,2.44,556810,24349.121,15483.6,2021.916667,2021.75,50,1173274.02
897,12/13/21,3.9,66.00739067,11051.21574,9057195,26722.7509,12563048,25480.17519,11639,22709.69606,5617278,12128.67207,1122402,17466.13468,1233313,2021_50,2.4,556810,24349.121,15483.6,2021.916667,2021.75,50,1176368.39
898,12/14/21,3.9,51.47174588,11007.92558,10871244,23866.00198,11408196,22814.9277,12018,22392.804,5470744,12331.86154,1118153,22255.44855,1237741,2021_50,2.37,556810,24349.121,15483.6,2021.916667,2021.75,50,1172953.816
899,12/15/21,3.9,63.8743688,10310.50173,8997240,26648.9243,12330466,23395.91219,9647,21581.752,5159564,12041.15257,1130309,20492.75786,965309,2021_50,2.39,556810,24349.121,15483.6,2021.916667,2021.75,50,1172694.742
900,12/16/21,3.9,44.40261307,10493.5205,9089196,25133.71742,11839306,21688.20355,9947,26925.39789,6455962,11910.6865,982014,17255.99101,1165510,2021_51,2.42,556810,24349.121,15483.6,2021.916667,2021.75,51,1155755.847
901,12/17/21,3.9,49.64914391,10890.49141,9919266,26684.07428,12760504,21080.30208,9265,23035.27862,5413372,12092.06879,1138394,18653.85991,1269010,2021_51,2.38,556810,24349.121,15483.6,2021.916667,2021.75,51,1192203.426
902,12/18/21,3.9,50.26745978,11155.38994,10659515,30239.02686,12468216,21586.44898,9339,22282.59919,5338374,11833.0803,812805,22040.64231,1975849,2021_51,2.38,556810,24349.121,15483.6,2021.916667,2021.75,51,1185949.723
903,12/19/21,3.9,54.99889098,10816.16201,8530145,27348.88047,11746567,23862.21414,10449,27732.29342,6557406,12145.84177,799386,18279.8638,1253019,2021_51,2.38,556810,24349.121,15483.6,2021.916667,2021.75,51,1167059.209
904,12/20/21,3.9,69.37519993,11446.79457,12507898,22377.62948,11679184,22163.85611,9808,38219.44436,9016892,12245.50712,979636,22104.42995,1264199,2021_51,2.39,556810,24349.121,15483.6,2021.916667,2021.75,51,1199739.097
905,12/21/21,3.9,72.95359599,11288.55234,10624348,20304.19355,9478194,24032.04722,10342,28918.19569,6997924,12118.83239,946476,23517.45773,1948685,2021_51,2.44,556810,24349.121,15483.6,2021.916667,2021.75,51,1171943.825
906,12/22/21,3.9,71.14242194,10347.84422,8414992,21567.11192,9928875,18404.98557,8636,23237.52343,5508000,11908.37304,1298508,19298.87486,1007007,2021_51,2.47,556810,24349.121,15483.6,2021.916667,2021.75,51,1165695.583
907,12/23/21,3.9,60.1962317,10646.68271,8904859,22341.21349,10168101,24719.48817,10204,31834.53813,7721058,11805.22801,882109,18590.98081,1261716,2021_52,2.47,556810,24349.121,15483.6,2021.916667,2021.75,52,1180252.144
908,12/24/21,3.9,54.44503938,11221.75488,9018925,20996.95392,10190705,21731.2174,9409,24353.6752,5822593,11894.28358,1051476,21037.7575,1220399,2021_52,2.47,556810,24349.121,15483.6,2021.916667,2021.75,52,1140931.46
909,12/25/21,3.9,52.54827383,11073.54157,8937859,28273.16683,14685505,22166.98682,10367,23588.05441,5873530,12579.26728,1156293,19412.26918,1873735,2021_52,2.47,556810,24349.121,15483.6,2021.916667,2021.75,52,1166432.397
910,12/26/21,3.9,67.77950573,11073.8432,11534558,25646.61746,11467079,20795.23544,9741,29444.25233,7278564,12121.91664,798268,20216.96294,1107729,2021_52,2.47,556810,24349.121,15483.6,2021.916667,2021.75,52,1160329.41
911,12/27/21,3.9,54.61992726,10959.19824,9255762,25505.51985,10956204,23901.86017,10892,0,0,0,0,15332.29033,933380,2021_52,2.5,556810,24349.121,15483.6,2021.916667,2021.75,52,1149322.954
912,12/28/21,3.9,68.62183922,11583.51252,10086511,30048.75027,12981809,24564.91007,10409,0,0,0,0,20641.14485,1419402,2021_52,2.5,556810,24349.121,15483.6,2021.916667,2021.75,52,1180976.483
913,12/29/21,3.9,68.24192602,10811.83832,8753750,23876.64843,12510441,22834.80325,10229,0,0,0,0,19473.20668,1053584,2021_52,2.53,556810,24349.121,15483.6,2021.916667,2021.75,52,1174171.317
914,12/30/21,3.9,57.49381902,11728.38894,9725534,23289.77725,11499371,20713.71591,8695,0,0,0,0,20861.15525,1160258,2021_53,2.58,556810,24349.121,15483.6,2021.916667,2021.75,53,1155881.372
915,12/31/21,3.9,73.85783549,11178.54581,9291102,28398.13658,13015259,23679.06246,10241,0,0,0,0,17952.78174,952489,2021_53,2.56,556810,24349.121,15483.6,2021.916667,2021.75,53,1149959.453
916,1/1/22,4,80.35661243,11115.09544,11973958,23564.34117,12182996,21516.18018,9682,0,0,0,0,19125.46724,1307335,2022_1,2.56,576000,24740.48,15137.7,2022,2022,1,1174935.227
917,1/2/22,4,75.86933381,10549.37604,9294636,25392.44835,11004387,19252.35834,8816,0,0,0,0,21697.54355,1347075,2022_1,2.56,576000,24740.48,15137.7,2022,2022,1,1173728.018
918,1/3/22,4,60.67920506,10863.29845,11350973,23472.82281,10730348,23335.31077,10540,0,0,0,0,16105.38504,949933,2022_1,2.6,576000,24740.48,15137.7,2022,2022,1,1153915.933
919,1/4/22,4,71.65940551,11996.70306,10015219,24300.38356,12357876,23089.7792,9930,0,0,0,0,17648.5944,1091617,2022_1,2.57,576000,24740.48,15137.7,2022,2022,1,1191826.861
920,1/5/22,4,64.11041625,10808.19843,9943325,24069.98166,10836115,23494.73888,10204,0,0,0,0,20013.43447,1067671,2022_1,2.53,576000,24740.48,15137.7,2022,2022,1,1165048.629
921,1/6/22,4,62.23414699,10917.24073,9073600,23390.62064,10167834,23161.03775,10377,0,0,0,0,18778.0792,1059030,2022_1,2.46,576000,24740.48,15137.7,2022,2022,1,1155598.804
922,1/7/22,4,85.38835748,10424.48381,7787657,24510.50789,10272489,22968.03484,10706,0,0,0,0,20107.30605,1486588,2022_2,2.48,576000,24740.48,15137.7,2022,2022,2,1174125.527
923,1/8/22,4,71.12321877,10757.20944,9118152,24854.71626,11095770,21135.90809,9795,0,0,0,0,17837.24767,1033338,2022_2,2.48,576000,24740.48,15137.7,2022,2022,2,1156825.559
924,1/9/22,4,70.21971373,10459.54417,10355521,23139.32334,13016334,21199.60177,9582,0,0,0,0,20521.7894,1326260,2022_2,2.48,576000,24740.48,15137.7,2022,2022,2,1153170.436
925,1/10/22,4,84.8705073,11417.79712,9523102,24471.13047,12299308,25296.46187,10787,23185.77264,5581888,12087.11581,807059,20347.35047,1630033,2022_2,2.48,576000,24740.48,15137.7,2022,2022,2,1169511.09
926,1/11/22,4,73.13788688,11512.04376,9381962,27546.16803,12953651,24687.24487,11421,21551.08237,5307692,12217.01804,1223596,19424.95284,1534058,2022_2,2.54,576000,24740.48,15137.7,2022,2022,2,1187721.827
927,1/12/22,4,61.38883046,11109.189,9382007,20923.17593,10154938,23100.53701,10487,27217.74042,6716588,12162.97026,894123,18295.86264,929648,2022_2,2.48,576000,24740.48,15137.7,2022,2022,2,1191059.304
928,1/13/22,4,62.00672539,11015.8006,8539931,23673.81613,11492802,27976.81045,13745,22177.81537,5415529,12188.49837,1094758,20971.23702,1062413,2022_2,2.43,576000,24740.48,15137.7,2022,2022,2,1181240.4
929,1/14/22,4,80.30051946,10497.80912,11248370,22595.17222,10738936,24167.87087,10716,31277.76877,7735196,12075.08461,938826,19127.19949,974755,2022_3,2.44,576000,24740.48,15137.7,2022,2022,3,1170330.896
930,1/15/22,4,61.10170863,11726.13387,11044017,23320.31969,11402832,25589.44654,11238,32739.55359,7815667,11872.9403,808885,18964.22133,1588934,2022_3,2.44,576000,24740.48,15137.7,2022,2022,3,1170678.317
931,1/16/22,4,60.11048498,10931.17186,12278068,24448.67867,12028543,28351.1916,12366,26777.8601,6529926,11980.30438,1060559,0,0,2022_3,2.44,576000,24740.48,15137.7,2022,2022,3,1168817.379
932,1/17/22,4,74.9857122,10716.84176,10081771,19515.55746,9917726,22836.70698,10208,31667.84808,7529407,12176.22446,880036,0,0,2022_3,2.44,576000,24740.48,15137.7,2022,2022,3,1154637.019
933,1/18/22,4,67.64691095,11220.2406,10374613,25156.64419,12424337,22729.11351,10433,37404.90247,9264140,12004.44677,1355946,0,0,2022_3,2.46,576000,24740.48,15137.7,2022,2022,3,1181714.713
934,1/19/22,4,67.00454228,11732.81687,9890890,23708.42561,11318449,21089.76722,10029,28355.20902,6875117,11451.66115,726112,0,0,2022_3,2.4,576000,24740.48,15137.7,2022,2022,3,1162412.859
935,1/20/22,4,56.01854471,11099.00109,11364619,22241.25031,10447489,21930.53682,9216,29195.80181,7398633,12100.96243,1028936,0,0,2022_3,2.33,576000,24740.48,15137.7,2022,2022,3,1194038.644
936,1/21/22,4,60.33230821,10609.96156,8480272,22275.25282,9719843,25401.53529,10926,28918.13715,6983881,12228.07749,1261596,0,0,2022_4,2.34,576000,24740.48,15137.7,2022,2022,4,1163720.988
937,1/22/22,4,73.60007684,10892.15789,9681793,23216.80782,10321273,20580.19236,8821,26593.88091,6309367,11573.68433,959488,0,0,2022_4,2.34,576000,24740.48,15137.7,2022,2022,4,1157805.594
938,1/23/22,4,52.71909896,11789.72146,9369588,24167.55275,13371238,20828.2754,10330,21439.1229,5235616,11999.53665,961528,0,0,2022_4,2.34,576000,24740.48,15137.7,2022,2022,4,1169568.622
939,1/24/22,4,56.74443474,10251.34831,9230324,26554.82662,12690251,24361.44905,11948,0,0,12505.5544,923937,0,0,2022_4,2.38,576000,24740.48,15137.7,2022,2022,4,1145934.946
940,1/25/22,4,51.68519176,11088.77018,9961417,26184.51766,14815805,25128.39299,11214,0,0,11720.14705,819247,0,0,2022_4,2.41,576000,24740.48,15137.7,2022,2022,4,1182303.695
941,1/26/22,4,65.38023791,11481.40808,11025796,22980.72687,9993180,22393.73446,9727,0,0,11726.37826,1020202,0,0,2022_4,2.38,576000,24740.48,15137.7,2022,2022,4,1156554.682
942,1/27/22,4,73.22712479,11193.96272,10221846,23001.62525,11945899,25399.26984,10929,0,0,11795.95881,1178710,0,0,2022_4,2.4,576000,24740.48,15137.7,2022,2022,4,1184765.661
943,1/28/22,4,50.84092956,10981.96045,9844805,23892.87619,11692667,25000.98778,11360,0,0,11613.2308,1076403,0,0,2022_5,2.44,576000,24740.48,15137.7,2022,2022,5,1149796.264
944,1/29/22,4,54.52897621,11209.20405,11241408,21702.90761,9952121,24259.96911,11222,0,0,12461.64393,941171,0,0,2022_5,2.44,576000,24740.48,15137.7,2022,2022,5,1145607.592
945,1/30/22,4,46.74334629,11430.76821,9348597,23596.09118,11574273,24631.4429,11161,0,0,12023.91025,1180274,0,0,2022_5,2.44,576000,24740.48,15137.7,2022,2022,5,1156049.366
946,1/31/22,4,64.72591591,10951.65136,10337803,26644.22545,12190459,20994.80471,9673,0,0,12403.81871,1069319,0,0,2022_5,2.44,576000,24740.48,15137.7,2022,2022,5,1156858.496
947,2/1/22,3.8,44.28185133,11053.34834,8689775,25451.72268,11740587,24702.4146,11752,0,0,11947.3607,977705,0,0,2022_5,2.43,581768,24740.48,15125.6,2022.083333,2022,5,1170900.286
948,2/2/22,3.8,64.10530422,11920.55985,10094248,25650.38249,12967841,19448.80294,8452,0,0,11743.24842,890343,0,0,2022_5,2.41,581768,24740.48,15125.6,2022.083333,2022,5,1146170.939
949,2/3/22,3.8,45.48475374,11686.36567,10458962,25494.75537,12306766,22836.05183,9813,0,0,12156.38501,787959,0,0,2022_5,2.38,581768,24740.48,15125.6,2022.083333,2022,5,1155343.256
950,2/4/22,3.8,63.78517762,10896.38297,12472835,29196.12843,16714847,23581.19025,10856,0,0,12246.43085,1080408,0,0,2022_6,2.41,581768,24740.48,15125.6,2022.083333,2022,6,1206751.625
951,2/5/22,3.8,52.28549302,11426.63519,10831427,23179.4297,11463274,20311.14156,8770,0,0,11936.99535,1181436,0,0,2022_6,2.41,581768,24740.48,15125.6,2022.083333,2022,6,1193159.428
952,2/6/22,3.8,59.70509911,10630.07029,10428616,23562.44429,11654463,22861.78053,10351,0,0,11984.72572,807705,0,0,2022_6,2.41,581768,24740.48,15125.6,2022.083333,2022,6,1192223.702
953,2/7/22,3.8,68.5665826,11078.45741,11663241,24593.27231,10874040,21370.31981,9714,27440.09684,6814449,0,0,0,0,2022_6,2.4,581768,24740.48,15125.6,2022.083333,2022,6,1188906.676
954,2/8/22,3.8,46.39859512,11136.48511,8360338,25402.25005,11516931,22620.16085,10239,26229.61298,6372996,0,0,0,0,2022_6,2.42,581768,24740.48,15125.6,2022.083333,2022,6,1159432.726
955,2/9/22,3.8,64.17527729,11456.93502,10191242,24654.04842,12793000,24551.19185,10573,27892.63111,6880731,0,0,0,0,2022_6,2.42,581768,24740.48,15125.6,2022.083333,2022,6,1173425.395
956,2/10/22,3.8,49.32032187,11561.03761,10407520,25115.23235,11532975,24238.21844,10833,27938.38119,6855410,0,0,0,0,2022_6,2.45,581768,24740.48,15125.6,2022.083333,2022,6,1172014.322
957,2/11/22,3.8,53.17105825,11149.98341,9905860,23190.32153,10670501,23939.71282,10934,29281.29205,7162453,0,0,0,0,2022_7,2.43,581768,24740.48,15125.6,2022.083333,2022,7,1171820.094
958,2/12/22,3.8,68.50761076,11724.12431,12112661,28619.79918,12915196,21999.88752,9828,20802.32314,5033504,0,0,0,0,2022_7,2.43,581768,24740.48,15125.6,2022.083333,2022,7,1194234.26
959,2/13/22,3.8,64.56436792,11143.87778,10101740,26340.57727,13286079,23816.62442,10901,24398.2712,5813651,0,0,0,0,2022_7,2.43,581768,24740.48,15125.6,2022.083333,2022,7,1198276.171
960,2/14/22,3.8,51.7108883,11321.12314,10459903,25938.72181,12129791,23521.95211,11349,28173.18953,6803359,0,0,0,0,2022_7,2.48,581768,24740.48,15125.6,2022.083333,2022,7,1179416.875
961,2/15/22,3.8,54.64978347,11156.20421,9455554,23860.74123,10322044,23795.14936,10522,24721.49165,6125879,0,0,18216.54244,1180690,2022_7,2.48,581768,24740.48,15125.6,2022.083333,2022,7,1157188.876
962,2/16/22,3.8,71.04159918,11479.28612,10524360,26013.47825,13300536,24097.65824,10633,30846.18579,7387769,0,0,17696.50279,942445,2022_7,2.46,581768,24740.48,15125.6,2022.083333,2022,7,1174076.138
963,2/17/22,3.8,60.15513272,12113.14451,10411440,28726.93838,13345980,26042.85487,12374,31445.48768,7642320,0,0,19144.37446,1565702,2022_7,2.43,581768,24740.48,15125.6,2022.083333,2022,7,1179542.845
964,2/18/22,3.8,62.12721245,11393.7076,12197107,21617.57242,10219626,23434.68989,10032,31492.51135,7646025,0,0,19128.18191,1230016,2022_8,2.41,581768,24740.48,15125.6,2022.083333,2022,8,1216426.279
965,2/19/22,3.8,70.742099,10742.93712,10972702,24494.3851,11434702,26052.85034,11817,22953.35612,5520999,0,0,22677.71829,1300688,2022_8,2.41,581768,24740.48,15125.6,2022.083333,2022,8,1186728.326
966,2/20/22,3.8,65.78039336,10588.94483,10515688,24087.77212,12891678,25445.96494,10721,24570.36733,5968437,0,0,17694.61048,1008773,2022_8,2.41,581768,24740.48,15125.6,2022.083333,2022,8,1202071.935
967,2/21/22,3.8,85.08165214,11181.66976,9022575,22334.58934,13979369,23082.1536,10571,0,0,11763.31963,811058,23216.56297,1446297,2022_8,2.41,581768,24740.48,15125.6,2022.083333,2022,8,1208459.727
968,2/22/22,3.8,64.19290716,10847.61566,10355104,24560.64679,10995643,25549.96664,12378,0,0,12145.75763,1093970,18487.69881,781577,2022_8,2.45,581768,24740.48,15125.6,2022.083333,2022,8,1165245.852
969,2/23/22,3.8,75.61946848,10392.9736,10334041,24314.71228,11601450,21712.89989,9851,0,0,11983.04768,1613397,19890.31024,1136299,2022_8,2.53,581768,24740.48,15125.6,2022.083333,2022,8,1198403.816
970,2/24/22,3.8,71.32972899,10853.9583,8611593,23621.64326,12007793,23005.78648,10907,0,0,11711.8612,892955,19322.24677,1243384,2022_8,2.55,581768,24740.48,15125.6,2022.083333,2022,8,1189540.247
971,2/25/22,3.8,75.68065997,11301.02648,10625526,24314.4678,11151484,23331.44175,10308,0,0,12281.76186,1312532,19306.82195,1108543,2022_9,2.54,581768,24740.48,15125.6,2022.083333,2022,9,1203004.798
972,2/26/22,3.8,83.79717661,11036.81854,8814605,20442.76669,10025555,26204.8625,11613,0,0,12021.66809,1213561,18592.82996,1382827,2022_9,2.54,581768,24740.48,15125.6,2022.083333,2022,9,1172231.864
973,2/27/22,3.8,61.84791295,11339.00399,10120988,27248.17973,13640693,20145.65294,9032,0,0,11777.01159,1251998,20459.70215,1492143,2022_9,2.54,581768,24740.48,15125.6,2022.083333,2022,9,1202569.394
974,2/28/22,3.8,80.73725936,11054.78795,8952962,23922.84374,9648337,23631.96969,10320,0,0,11758.5371,1042089,18884.51962,1063019,2022_9,2.62,581768,24740.48,15125.6,2022.083333,2022,9,1190198.515
975,3/1/22,3.6,86.62725373,10793.2814,10655673,25841.67517,13783634,20176.39982,8945,0,0,12179.87602,1387181,21143.53474,1155093,2022_9,2.62,587570,24740.48,15064.1,2022.166667,2022,9,1231651.632
976,3/2/22,3.6,73.40785894,11453.92195,10390041,25308.07104,12961951,22132.19992,9320,0,0,11544.74888,945514,21114.02125,1153227,2022_9,2.71,587570,24740.48,15064.1,2022.166667,2022,9,1211121.753
977,3/3/22,3.6,86.868633,10250.77312,10750903,25104.93082,11508603,21905.24928,9871,0,0,12162.78202,882028,18565.74201,1321356,2022_9,2.69,587570,24740.48,15064.1,2022.166667,2022,9,1226896.532
978,3/4/22,3.6,84.16553599,11842.49227,10149291,27891.73341,13778019,24316.33254,10937,0,0,12113.66803,1075316,18009.01618,1347391,2022_10,2.67,587570,24740.48,15064.1,2022.166667,2022,10,1225563.49
979,3/5/22,3.6,62.58068414,10720.06413,11376316,23566.02115,10063876,28532.13336,13674,0,0,12114.06567,1146008,17512.78159,1149570,2022_10,2.67,587570,24740.48,15064.1,2022.166667,2022,10,1205783.913
980,3/6/22,3.6,87.18772831,10879.29467,10196910,24132.66011,10012237,23977.28213,9839,0,0,11968.53619,884084,20136.46999,1270583,2022_10,2.67,587570,24740.48,15064.1,2022.166667,2022,10,1214569.51
981,3/7/22,3.6,73.84017102,11236.66601,9786806,28105.89261,14507059,24600.74083,10396,29942.90581,7091314,12206.7837,887022,20127.43947,1458942,2022_10,2.77,587570,24740.48,15064.1,2022.166667,2022,10,1219239.063
982,3/8/22,3.6,72.9980725,9753.843646,9641498,26083.81008,11717251,23892.15768,12200,29977.134,7328165,11818.88205,980643,22425.01979,1473258,2022_10,2.9,587570,24740.48,15064.1,2022.166667,2022,10,1234823.11
983,3/9/22,3.6,63.79982512,10733.22133,9447433,24512.72386,12961234,19782.34931,8854,27738.67236,6659354,12126.51762,1273000,22403.74343,1312670,2022_10,2.84,587570,24740.48,15064.1,2022.166667,2022,10,1210326.948
984,3/10/22,3.6,76.24010981,10874.72384,9633814,23794.19378,11053956,26129.40585,11935,30003.53972,7313392,12003.57503,1079747,20029.86103,1261977,2022_10,2.86,587570,24740.48,15064.1,2022.166667,2022,10,1190174.256
985,3/11/22,3.6,71.42793231,10161.44419,11464407,27686.55113,12309119,23365.93212,11290,28711.57237,7032049,11790.53078,941895,19968.57708,1277818,2022_11,2.94,587570,24740.48,15064.1,2022.166667,2022,11,1224130.03
986,3/12/22,3.6,72.04304574,11133.6849,9355092,25509.14035,12309834,22811.09811,10852,34276.45094,8223816,12064.92157,1342741,17318.46494,1536364,2022_11,2.94,587570,24740.48,15064.1,2022.166667,2022,11,1222981.604
987,3/13/22,3.6,62.43211039,10678.28256,9003232,28860.62215,14269248,22188.12307,9796,32194.45694,7837246,12126.21212,951952,19865.56657,1057124,2022_11,2.94,587570,24740.48,15064.1,2022.166667,2022,11,1241361.187
988,3/14/22,3.6,57.19855159,11076.76567,10737632,26356.41046,12523819,22352.64886,9922,32823.90827,7756497,12056.74498,970298,13133.04037,785659,2022_11,2.93,587570,24740.48,15064.1,2022.166667,2022,11,1195320.43
989,3/15/22,3.6,75.12507282,10734.90806,9057065,25798.81876,11646116,20729.964,9789,19575.68612,4783864,11833.09798,695552,17685.64745,1052782,2022_11,2.84,587570,24740.48,15064.1,2022.166667,2022,11,1206733.407
990,3/16/22,3.6,55.15767365,11360.47033,10215993,23745.88414,10334962,23442.071,9645,32290.13848,7952881,11800.26124,765892,22068.09306,1336484,2022_11,2.8,587570,24740.48,15064.1,2022.166667,2022,11,1191096.18
991,3/17/22,3.6,65.4416325,11119.30079,9467900,24994.31992,12129699,21571.3177,8990,27037.87446,6493708,11400.83064,907379,19947.28543,1211314,2022_11,2.91,587570,24740.48,15064.1,2022.166667,2022,11,1207261.975
992,3/18/22,3.6,75.13065286,11113.26033,10624827,26687.39373,13128841,24851.72685,10382,22762.02726,5508798,11949.38471,1015709,18514.62044,1049995,2022_12,2.86,587570,24740.48,15064.1,2022.166667,2022,12,1198854.974
993,3/19/22,3.6,61.78492781,10657.69104,9648081,25848.37818,12102396,24528.7962,10829,23234.46689,5618764,12011.40311,900844,23297.78542,1368647,2022_12,2.86,587570,24740.48,15064.1,2022.166667,2022,12,1211047.967
994,3/20/22,3.6,68.54219148,11215.22208,11325516,23871.67584,11301259,20913.18706,10142,29819.28503,7227940,11811.89901,869802,23360.22712,1423119,2022_12,2.86,587570,24740.48,15064.1,2022.166667,2022,12,1205328.942
995,3/21/22,3.6,63.15809418,10640.12114,10347844,28281.60477,13018822,20839.50686,8955,0,0,0,0,18554.69529,909709,2022_12,2.9,587570,24740.48,15064.1,2022.166667,2022,12,1180877.512
996,3/22/22,3.6,65.71931102,11299.90616,9385256,25600.0899,14213846,21309.47951,8879,0,0,0,0,21835.42991,1140425,2022_12,2.91,587570,24740.48,15064.1,2022.166667,2022,12,1193154.166
997,3/23/22,3.6,44.41322032,10688.01504,8858018,24971.79782,11985852,23998.28338,10721,0,0,0,0,20412.01949,1200334,2022_12,2.94,587570,24740.48,15064.1,2022.166667,2022,12,1199901.807
998,3/24/22,3.6,58.52643915,10844.32707,9986831,20600.7659,9831061,20700.14071,8747,0,0,0,0,18617.11216,1218033,2022_12,2.92,587570,24740.48,15064.1,2022.166667,2022,12,1191815.877
999,3/25/22,3.6,45.81755927,11140.54142,10740559,23099.92156,10635367,24928.80358,11586,0,0,0,0,20008.85243,1132846,2022_13,2.95,587570,24740.48,15064.1,2022.166667,2022,13,1199039.324
1000,3/26/22,3.6,61.38170933,10767.56869,8766119,24781.01523,10925079,23011.49555,10527,0,0,0,0,22080.05543,1413097,2022_13,2.95,587570,24740.48,15064.1,2022.166667,2022,13,1198254.272
1001,3/27/22,3.6,67.61431159,11395.01484,10475884,28361.43022,14207352,24249.51223,10939,0,0,0,0,18704.55826,1280470,2022_13,2.95,587570,24740.48,15064.1,2022.166667,2022,13,1215773.166
1002,3/28/22,3.6,57.70746083,10441.02605,8956026,23634.3358,11648520,25844.30313,11068,0,0,0,0,19685.27633,1115105,2022_13,2.95,587570,24740.48,15064.1,2022.166667,2022,13,1184146.997
1003,3/29/22,3.6,58.27808876,10690.94067,9810034,22735.71429,11813495,26711.50853,11729,0,0,0,0,16634.89246,936443,2022_13,2.86,587570,24740.48,15064.1,2022.166667,2022,13,1184532.178
1004,3/30/22,3.6,56.91857135,11118.41649,9720670,25339.11724,11992275,24710.40795,11326,0,0,0,0,22121.52669,1867851,2022_13,2.86,587570,24740.48,15064.1,2022.166667,2022,13,1222731.923
1005,3/31/22,3.6,61.30166064,11106.74617,9148960,26353.73034,10740037,24316.54531,10768,0,0,0,0,18299.88291,1042376,2022_13,2.84,587570,24740.48,15064.1,2022.166667,2022,13,1174416.382
1006,4/1/22,3.6,59.9110473,11213.27457,9525539,22706.05883,11210464,22452.11584,10382,0,0,0,0,15083.28183,809234,2022_14,2.8,590238,25248.476,15074.6,2022.25,2022.25,14,1194652.602
1007,4/2/22,3.6,46.35823081,10978.0065,10876545,22042.14698,9726985,24180.54688,10694,0,0,0,0,19196.7557,1302476,2022_14,2.8,590238,25248.476,15074.6,2022.25,2022.25,14,1181836.745
1008,4/3/22,3.6,49.291344,10803.29902,13924548,23617.67267,10495875,26535.49392,11903,0,0,0,0,19644.19347,1109562,2022_14,2.8,590238,25248.476,15074.6,2022.25,2022.25,14,1198529.792
1009,4/4/22,3.6,73.4041382,11177.19222,10244035,23800.4546,11447331,23445.26604,10297,21499.00616,5325208,12143.37679,1118101,22624.64161,1198901,2022_14,2.8,590238,25248.476,15074.6,2022.25,2022.25,14,1198035.342
1010,4/5/22,3.6,74.58542524,10864.23314,9322148,27723.66017,12655956,23894.77562,10138,21640.33394,5509122,12285.7501,1049632,21265.8842,1401896,2022_14,2.84,590238,25248.476,15074.6,2022.25,2022.25,14,1228573.801
1011,4/6/22,3.6,56.13523946,11268.69006,8707725,24101.00292,11844037,23909.06476,11254,20343.89086,4867392,12251.76639,1036189,22373.69421,1746933,2022_14,2.83,590238,25248.476,15074.6,2022.25,2022.25,14,1205304.374
1012,4/7/22,3.6,71.0938783,10033.7103,8838907,25399.11233,12766545,23616.36253,9747,24880.83651,6073830,11792.42197,1040817,18597.72489,1191692,2022_14,2.82,590238,25248.476,15074.6,2022.25,2022.25,14,1185418.787
1013,4/8/22,3.6,69.4126201,10791.29089,9837697,28517.77499,15226097,24150.39316,11076,28468.3039,6881766,12544.57216,1198563,22281.81474,1842685,2022_15,2.87,590238,25248.476,15074.6,2022.25,2022.25,15,1245408.841
1014,4/9/22,3.6,62.602411,10198.70922,9559886,19261.66045,8675972,24783.77937,10245,31713.63246,7751759,12183.96448,957358,20767.22035,1380202,2022_15,2.87,590238,25248.476,15074.6,2022.25,2022.25,15,1206975.085
1015,4/10/22,3.6,63.69777293,10732.08507,11127287,23580.42854,11925183,23696.861,11091,25557.65397,6349689,11909.67077,1342419,13332.23581,744159,2022_15,2.87,590238,25248.476,15074.6,2022.25,2022.25,15,1212207.8
1016,4/11/22,3.6,78.63222839,10958.69905,9422281,24674.45354,11767834,22854.19189,9293,26423.63524,6363596,11970.33885,915508,21355.82122,1113961,2022_15,2.91,590238,25248.476,15074.6,2022.25,2022.25,15,1192755.072
1017,4/12/22,3.6,77.97524397,10878.19861,10229733,26426.02586,11887581,18363.72797,7795,28514.3852,7253197,12232.5661,1248899,22757.28153,1486523,2022_15,2.86,590238,25248.476,15074.6,2022.25,2022.25,15,1225343.512
1018,4/13/22,3.6,63.51326075,10881.4727,9519861,24853.70261,11116073,23823.9806,9541,24995.6338,5995456,12045.17427,1179474,17497.52666,887850,2022_15,2.8,590238,25248.476,15074.6,2022.25,2022.25,15,1210300.848
1019,4/14/22,3.6,62.22899787,10800.57209,10337891,25748.38567,11446240,23028.11351,10063,20480.84812,4794023,11927.36022,1085499,18035.30643,1335399,2022_15,2.89,590238,25248.476,15074.6,2022.25,2022.25,15,1233511.622
1020,4/15/22,3.6,84.93218797,10808.77542,10322328,23776.90016,10533555,21183.99637,9433,22704.59751,5667419,11909.88196,866868,21466.92198,1008750,2022_16,2.89,590238,25248.476,15074.6,2022.25,2022.25,16,1221724.546
1021,4/16/22,3.6,82.50320698,11284.42876,10478929,25707.11809,12477322,23973.62813,10847,27119.69441,6479812,12094.4783,977960,17061.13864,1179416,2022_16,2.89,590238,25248.476,15074.6,2022.25,2022.25,16,1219071.346
1022,4/17/22,3.6,69.56459404,11241.54786,9295048,26733.35144,11936217,20695.10077,9120,20825.6756,5123354,12245.83339,1095745,20899.99602,1332059,2022_16,2.89,590238,25248.476,15074.6,2022.25,2022.25,16,1195167.742
1023,4/18/22,3.6,84.12457368,10709.13418,9672352,24985.78223,10711814,22794.66933,9640,0,0,11732.8786,826691,20703.49411,1075913,2022_16,2.92,590238,25248.476,15074.6,2022.25,2022.25,16,1194834.088
1024,4/19/22,3.6,61.3931354,11601.68693,11513318,25238.07523,11635374,21806.46513,10244,0,0,11912.99879,1012692,17199.11204,1146252,2022_16,2.93,590238,25248.476,15074.6,2022.25,2022.25,16,1201165.534
1025,4/20/22,3.6,67.54729873,11383.89329,10511068,27050.79408,12259151,25176.12046,11116,0,0,12115.47133,996901,21316.32586,1451171,2022_16,2.92,590238,25248.476,15074.6,2022.25,2022.25,16,1201305.926
1026,4/21/22,3.6,87.41636319,11673.23857,12461102,26035.89892,11443208,24746.25203,11439,0,0,11580.89839,751249,20659.98938,1423542,2022_16,3.02,590238,25248.476,15074.6,2022.25,2022.25,16,1231131.21
1027,4/22/22,3.6,63.34256796,11199.38729,9323931,24427.04888,10358748,27682.60665,12178,0,0,12139.47032,1515567,19327.74841,1470790,2022_17,2.98,590238,25248.476,15074.6,2022.25,2022.25,17,1213000.783
1028,4/23/22,3.6,86.37773255,11242.35856,9615019,26676.11615,13928971,27252.57331,11628,0,0,11902.26723,1087887,18228.45449,1050248,2022_17,2.98,590238,25248.476,15074.6,2022.25,2022.25,17,1205686.428
1029,4/24/22,3.6,80.20294698,10862.01539,9233889,27437.28431,11836226,25626.3121,11226,0,0,11883.34982,998306,20388.41532,1235512,2022_17,2.98,590238,25248.476,15074.6,2022.25,2022.25,17,1195236.398
1030,4/25/22,3.6,67.69755515,11064.3925,12200817,24183.8036,11772409,27304.06896,11099,0,0,11943.23348,1052616,15528.60687,794193,2022_17,2.91,590238,25248.476,15074.6,2022.25,2022.25,17,1184023.019
1031,4/26/22,3.6,61.3944479,11576.57131,10863184,23119.37164,10507598,26000.90929,10632,0,0,11827.11599,725329,24446.02426,1145822,2022_17,2.85,590238,25248.476,15074.6,2022.25,2022.25,17,1176149.178
1032,4/27/22,3.6,62.79027488,11186.97237,10270364,24209.6123,11293791,20817.85617,8815,0,0,11910.94233,959923,20834.87386,1371517,2022_17,2.88,590238,25248.476,15074.6,2022.25,2022.25,17,1191228.062
1033,4/28/22,3.6,81.37807755,11132.26236,11475577,23340.50562,10325024,25713.33795,11773,0,0,11950.84915,787174,17573.67865,2089649,2022_17,2.97,590238,25248.476,15074.6,2022.25,2022.25,17,1219091.008
1034,4/29/22,3.6,60.02376885,11183.13829,11393787,25459.12748,13616543,22242.10422,9969,0,0,12281.10116,1175642,19884.31314,1048484,2022_18,2.88,590238,25248.476,15074.6,2022.25,2022.25,18,1225908.447
1035,4/30/22,3.6,79.88931346,10866.50381,9272977,24172.8318,11697857,23661.20011,10166,0,0,12247.10751,914879,22242.02628,1430540,2022_18,2.88,590238,25248.476,15074.6,2022.25,2022.25,18,1181638.97
1036,5/1/22,3.6,68.23028979,10543.54365,8710795,23607.75756,12274805,21663.69901,9575,0,0,11954.18501,1082217,17655.72662,980297,2022_18,2.88,591793,25248.476,15069.5,2022.333333,2022.25,18,1233298.358
1037,5/2/22,3.6,78.10732538,10952.05731,9316013,22576.22779,9807767,21421.34294,9153,24946.68875,6124918,0,0,19874.67785,1323915,2022_18,2.81,591793,25248.476,15069.5,2022.333333,2022.25,18,1213330.578
1038,5/3/22,3.6,55.9385691,10693.48223,9279525,21594.01167,9633185,22347.53091,8977,21113.5574,5152408,0,0,21637.97067,2073682,2022_18,2.83,591793,25248.476,15069.5,2022.333333,2022.25,18,1204202.775
1039,5/4/22,3.6,64.08655253,10724.17019,10236309,27189.89713,11795531,24992.40762,11077,22205.47343,5308464,0,0,20344.93311,1623250,2022_18,2.86,591793,25248.476,15069.5,2022.333333,2022.25,18,1239018.838
1040,5/5/22,3.6,58.45190692,10155.05238,9567558,26172.41381,12580529,21730.31258,9511,20780.71711,5103381,0,0,20492.72516,1742151,2022_18,2.87,591793,25248.476,15069.5,2022.333333,2022.25,18,1220811.645
1041,5/6/22,3.6,78.47522981,11688.98999,9672681,26204.19193,12839008,19735.06711,9138,27978.62841,6951678,0,0,19952.86542,1262519,2022_19,2.86,591793,25248.476,15069.5,2022.333333,2022.25,19,1208153.283
1042,5/7/22,3.6,66.05008326,11604.06556,9616418,24348.11953,11749483,25654.37465,10965,27061.06504,6592807,0,0,18610.80642,1235929,2022_19,2.86,591793,25248.476,15069.5,2022.333333,2022.25,19,1232255.759
1043,5/8/22,3.6,61.40940739,10836.1601,9834196,22662.29623,11224851,22296.52912,9840,32373.45845,7677445,0,0,22082.93211,1278547,2022_19,2.86,591793,25248.476,15069.5,2022.333333,2022.25,19,1223402.874
1044,5/9/22,3.6,70.43644888,10477.19901,8916466,24618.62674,11197307,22446.10499,11006,22971.18543,5418577,0,0,21802.72591,1424833,2022_19,2.75,591793,25248.476,15069.5,2022.333333,2022.25,19,1202357.947
1045,5/10/22,3.6,51.49517102,11485.27821,10830704,26908.7861,12609588,20308.96993,9262,26393.53388,6595894,0,0,20700.87386,1435361,2022_19,2.65,591793,25248.476,15069.5,2022.333333,2022.25,19,1223846.143
1046,5/11/22,3.6,51.63297083,10934.39123,10244115,23914.7817,12431579,23483.5933,9988,23821.99208,5883574,0,0,21561.48804,1111087,2022_19,2.7,591793,25248.476,15069.5,2022.333333,2022.25,19,1202110.802
1047,5/12/22,3.6,54.71571021,10913.76484,9563977,26163.00327,12876920,17573.1556,8033,28684.82792,7013031,0,0,15234.96517,1077327,2022_19,2.59,591793,25248.476,15069.5,2022.333333,2022.25,19,1204381.309
1048,5/13/22,3.6,56.77435664,11249.84085,10508063,26001.43743,10590477,23299.22153,11143,26652.00291,6387225,0,0,20335.11915,1145037,2022_20,2.69,591793,25248.476,15069.5,2022.333333,2022.25,20,1197350.646
1049,5/14/22,3.6,46.35107608,11571.28854,9904256,26542.64958,13921540,24805.12384,10782,26068.59924,6379982,0,0,20808.68901,1160853,2022_20,2.69,591793,25248.476,15069.5,2022.333333,2022.25,20,1225642.011
1050,5/15/22,3.6,59.7144082,10644.64273,10869742,26087.90324,12295844,23377.00589,11130,31284.05757,7667189,0,0,21008.79002,1528739,2022_20,2.69,591793,25248.476,15069.5,2022.333333,2022.25,20,1199506.756
1051,5/16/22,3.6,45.28084291,11002.18037,9236961,25223.8733,11187314,22920.88785,9873,0,0,12146.56203,979203,0,0,2022_20,2.68,591793,25248.476,15069.5,2022.333333,2022.25,20,1182135.332
1052,5/17/22,3.6,68.9723487,10949.04187,10308268,25156.78632,13298649,24984.08707,11585,0,0,11783.84751,924756,0,0,2022_20,2.71,591793,25248.476,15069.5,2022.333333,2022.25,20,1198467.008
1053,5/18/22,3.6,58.28807993,10229.74027,8309651,27630.81963,13605870,25165.9017,11190,0,0,12056.89333,841764,0,0,2022_20,2.72,591793,25248.476,15069.5,2022.333333,2022.25,20,1207970.138
1054,5/19/22,3.6,46.74486821,10876.6343,11118597,26538.64967,14318715,24337.95347,11141,0,0,12059.47356,1040710,0,0,2022_20,2.59,591793,25248.476,15069.5,2022.333333,2022.25,20,1216181.388
1055,5/20/22,3.6,56.67629158,10488.95465,11120968,23992.98103,11728683,22470.0771,10312,0,0,12172.61157,1147566,0,0,2022_21,2.55,591793,25248.476,15069.5,2022.333333,2022.25,21,1215236.428
1056,5/21/22,3.6,43.96121162,11154.23775,11215822,23145.84536,10823847,20702.68778,9566,0,0,11931.53248,805438,0,0,2022_21,2.55,591793,25248.476,15069.5,2022.333333,2022.25,21,1175543.036
1057,5/22/22,3.6,47.95579663,10814.63598,9759384,25619.64541,10984407,24656.68497,10381,0,0,11855.63783,939577,0,0,2022_21,2.55,591793,25248.476,15069.5,2022.333333,2022.25,21,1210162.862
1058,5/23/22,3.6,44.32882584,10959.78279,9415369,27251.76479,12210114,21782.73954,9711,0,0,11837.83931,1292722,0,0,2022_21,2.6,591793,25248.476,15069.5,2022.333333,2022.25,21,1192367.042
1059,5/24/22,3.6,55.67732536,11796.92827,10739814,25034.8654,11559040,26474.47717,10721,0,0,12083.76578,1152135,0,0,2022_21,2.55,591793,25248.476,15069.5,2022.333333,2022.25,21,1200288.462
1060,5/25/22,3.6,64.79960381,11046.52187,10918308,26773.0313,13612115,18746.10493,8752,0,0,12199.93451,925875,0,0,2022_21,2.56,591793,25248.476,15069.5,2022.333333,2022.25,21,1219724.073
1061,5/26/22,3.6,58.06908253,10771.92034,9449037,26641.75685,14712404,25196.92473,10931,0,0,12405.98135,1004739,0,0,2022_21,2.62,591793,25248.476,15069.5,2022.333333,2022.25,21,1190941.326
1062,5/27/22,3.6,60.11583181,11018.69023,10006305,25245.15634,11516247,20842.02238,10350,0,0,11858.22196,985906,0,0,2022_22,2.63,591793,25248.476,15069.5,2022.333333,2022.25,22,1207831.264
1063,5/28/22,3.6,58.48479229,10852.8391,9356631,23671.83662,10385065,23091.74769,10994,0,0,11897.58247,1047220,0,0,2022_22,2.63,591793,25248.476,15069.5,2022.333333,2022.25,22,1178106.596
1064,5/29/22,3.6,70.81866228,11337.31213,9285041,22327.6418,9177277,22157.92421,10207,0,0,12225.65024,1422901,0,0,2022_22,2.63,591793,25248.476,15069.5,2022.333333,2022.25,22,1205642.507
1065,5/30/22,3.6,77.07419937,10974.02542,11119353,27724.26952,13970500,20457.04974,8308,29385.03079,7218656,12120.95543,960518,0,0,2022_22,2.63,591793,25248.476,15069.5,2022.333333,2022.25,22,1241039.351
1066,5/31/22,3.6,63.77943157,11046.04754,8716156,24434.54541,11124585,24678.62184,11395,26099.30883,6466521,11851.19253,1298075,0,0,2022_22,2.64,591793,25248.476,15069.5,2022.333333,2022.25,22,1221317.466
1067,6/1/22,3.6,60.29856244,11147.55456,10697538,25921.29348,13385788,24080.02584,10871,34585.03659,8431662,11982.43433,934672,0,0,2022_22,2.65,598145,25248.476,15013.1,2022.416667,2022.25,22,1233238.176
1068,6/2/22,3.6,72.03378571,11541.1693,9819096,22131.61964,10876152,26735.87745,11993,26162.05729,6369847,11707.98924,1059263,0,0,2022_22,2.66,598145,25248.476,15013.1,2022.416667,2022.25,22,1230751.587
1069,6/3/22,3.6,76.05888676,10946.05771,9581644,22774.42491,11030137,23889.03609,10637,27811.97371,6794460,11446.62701,1027416,0,0,2022_23,2.74,598145,25248.476,15013.1,2022.416667,2022.25,23,1202601.473
1070,6/4/22,3.6,72.54108549,11400.64366,10453977,22413.94393,11036993,21509.98228,10433,31602.7348,7650490,11757.61284,1065164,0,0,2022_23,2.74,598145,25248.476,15013.1,2022.416667,2022.25,23,1218543.574
1071,6/5/22,3.6,67.40204102,10718.93011,9175860,25246.17153,11439417,19175.00019,8505,32655.60742,7785717,11734.62619,1031971,0,0,2022_23,2.74,598145,25248.476,15013.1,2022.416667,2022.25,23,1200701.693
1072,6/6/22,3.6,72.38871691,11535.12355,9749324,26071.14987,12792519,25719.98704,11458,22121.41928,5290256,12106.89738,1060053,0,0,2022_23,2.76,598145,25248.476,15013.1,2022.416667,2022.25,23,1241567.8
1073,6/7/22,3.6,63.07181944,10702.85917,9014389,23672.28026,11550049,24465.39842,11519,25130.16628,6226671,11966.06982,852901,0,0,2022_23,2.73,598145,25248.476,15013.1,2022.416667,2022.25,23,1225478.228
1074,6/8/22,3.6,67.3049083,10630.66391,10640473,19482.07742,8873115,25762.06893,11665,22345.23168,5372611,12165.82701,1193094,0,0,2022_23,2.75,598145,25248.476,15013.1,2022.416667,2022.25,23,1218100.749
1075,6/9/22,3.6,65.39655546,11686.24299,9908519,29853.74176,15501993,23282.35177,9970,27036.48419,6530708,11839.19511,906738,0,0,2022_23,2.75,598145,25248.476,15013.1,2022.416667,2022.25,23,1239585.694
1076,6/10/22,3.6,86.19906836,11434.34801,12391305,21993.79075,9684723,25450.046,12071,33605.55228,8121118,11612.52322,1004059,0,0,2022_24,2.76,598145,25248.476,15013.1,2022.416667,2022.25,24,1228350.089
1077,6/11/22,3.6,77.27613569,10609.6811,8282256,26905.10641,13522754,25581.78701,11061,33022.04692,7948233,12175.71948,1046428,0,0,2022_24,2.76,598145,25248.476,15013.1,2022.416667,2022.25,24,1235885.192
1078,6/12/22,3.6,71.41463691,11121.19385,9835056,24862.12248,10615920,25516.26501,11674,28975.98797,6947197,11872.75799,920538,0,0,2022_24,2.76,598145,25248.476,15013.1,2022.416667,2022.25,24,1233015.604
1079,6/13/22,3.6,69.92259617,10821.37013,9280150,24155.90448,10712565,24834.16104,10092,0,0,0,0,0,0,2022_24,2.74,598145,25248.476,15013.1,2022.416667,2022.25,24,1193428.065
1080,6/14/22,3.6,82.91613496,10694.34859,11301799,23353.9372,11308937,25386.55632,11413,0,0,0,0,0,0,2022_24,2.6,598145,25248.476,15013.1,2022.416667,2022.25,24,1222275.279
1081,6/15/22,3.6,77.60629799,11501.60485,9891483,28118.20587,12903676,22060.64484,9178,0,0,0,0,19548.62654,1423839,2022_24,2.7,598145,25248.476,15013.1,2022.416667,2022.25,24,1237730.293
1082,6/16/22,3.6,77.39529684,11162.25728,10933302,22685.08472,10560339,21387.79168,8948,0,0,0,0,22850.56861,1728822,2022_24,2.62,598145,25248.476,15013.1,2022.416667,2022.25,24,1219388.133
1083,6/17/22,3.6,78.87644604,11294.55879,11022404,25329.18108,12064295,21117.12217,8916,0,0,0,0,19780.89637,1247093,2022_25,2.58,598145,25248.476,15013.1,2022.416667,2022.25,25,1222332.47
1084,6/18/22,3.6,87.54105245,10653.59655,8897079,25502.19286,11937231,23286.49773,10189,0,0,0,0,19201.92457,1382783,2022_25,2.58,598145,25248.476,15013.1,2022.416667,2022.25,25,1220473.034
1085,6/19/22,3.6,81.43933991,11508.26148,10261066,22947.44906,11787303,20136.52066,8788,0,0,0,0,22420.46398,1219424,2022_25,2.58,598145,25248.476,15013.1,2022.416667,2022.25,25,1224388.218
1086,6/20/22,3.6,80.43680739,11476.76803,9753944,25595.91466,11658922,21372.35433,9235,0,0,0,0,20722.19064,1242859,2022_25,2.58,598145,25248.476,15013.1,2022.416667,2022.25,25,1222782.254
1087,6/21/22,3.6,62.49185982,11463.31744,9255850,28444.74117,14386239,22799.82764,10294,0,0,0,0,17351.94372,1017152,2022_25,2.61,598145,25248.476,15013.1,2022.416667,2022.25,25,1207437.172
1088,6/22/22,3.6,67.52494577,10463.52407,8270224,28307.66518,13232061,23161.50538,10232,0,0,0,0,23793.05475,1836341,2022_25,2.54,598145,25248.476,15013.1,2022.416667,2022.25,25,1232558.999
1089,6/23/22,3.6,81.74266941,10787.98846,9680341,25291.12864,11099826,22841.43768,10105,0,0,0,0,19480.35975,1208450,2022_25,2.5,598145,25248.476,15013.1,2022.416667,2022.25,25,1225122.142
1090,6/24/22,3.6,68.93343425,11047.31454,10820320,24187.64153,11356576,21620.84645,10304,0,0,0,0,22877.17095,1380372,2022_26,2.56,598145,25248.476,15013.1,2022.416667,2022.25,26,1220282.104
1091,6/25/22,3.6,54.64218395,10633.40758,9232726,25833.23444,13398647,20811.36925,8676,0,0,0,0,18949.23087,852417,2022_26,2.56,598145,25248.476,15013.1,2022.416667,2022.25,26,1228272.204
1092,6/26/22,3.6,65.27231857,10980.11049,8535609,23238.78798,11796837,25209.18733,11624,0,0,0,0,21776.66168,1282637,2022_26,2.56,598145,25248.476,15013.1,2022.416667,2022.25,26,1216138.331
1093,6/27/22,3.6,52.22273893,11562.61061,10390172,23405.44577,12292103,20665.1644,9048,30531.3518,7407679,11664.54295,1163102,22786.38534,1320476,2022_26,2.55,598145,25248.476,15013.1,2022.416667,2022.25,26,1243496.612
1094,6/28/22,3.6,50.77398074,10829.28338,8803732,24776.88642,10476701,23908.32454,10372,24961.40782,6286301,11745.75994,1393292,23874.30939,1657989,2022_26,2.48,598145,25248.476,15013.1,2022.416667,2022.25,26,1222262.041
1095,6/29/22,3.6,73.50356855,10570.49557,12212089,21148.1389,8950451,23943.03542,10093,29116.79655,7039013,11906.21047,879075,18685.61915,1110664,2022_26,2.36,598145,25248.476,15013.1,2022.416667,2022.25,26,1236555.706
1096,6/30/22,3.6,74.70254398,11143.86599,9699706,25080.70371,11784404,22814.48525,10211,33778.85235,8376343,11273.05386,970041,16173.30977,1286138,2022_26,2.33,598145,25248.476,15013.1,2022.416667,2022.25,26,1219667.909
1097,7/1/22,3.5,71.88145939,10927.13531,9683410,26429.51768,12099814,22063.09642,9890,26060.24081,6360903,12031.57923,1121950,18781.18351,1091113,2022_27,2.34,595894,25663.289,15094.2,2022.5,2022.5,27,1237614.05